2534 4296
1910 404 2034 492 275

268 545 354 585 m
382 541 486 584 ιω
524 516 724 582 aliunde
755 518 1038 597 jammtns
1076 519 1170 591 sit,
1198 519 1349 577 immo
1387 516 1474 577 ubi
1508 518 1599 578 iste
1639 518 1962 582 sitobemms
1989 534 2039 583 et

266 623 502 686 m
535 616 771 681 literalem
815 619 1259 702 interpretationem
1292 618 1547 680 commode
1587 619 1836 703 patiatur,
1820 643 1834 659 ·
1877 618 2039 683 locum

265 724 432 809 ῳ
448 721 594 783 babet
611 722 875 802 Augustini
897 718 1205 804 aliorumque
1224 723 1478 795 sententia,
1505 719 1670 806 plures
1690 718 1912 784 videlieet
1931 746 2041 785 een-

262 840 349 897 -
375 821 884 888 Emahsoeumu‘oe
920 824 1007 883 uni
1052 820 1162 884 loco
1201 845 1342 906 posse
1377 845 1435 885 ac
1467 821 1667 885 tolerari
1698 822 1886 886 debere.
1938 824 2042 886 Hic

261 921 428 988 dut
458 925 669 986 sanioris
712 924 907 985 critiae
940 922 1082 1005 leges.
1122 924 1372 1001 Quamvis
1407 925 1586 987 obrius
1628 946 1798 986 sensus
1841 924 2041 986 minime

260 1038 368 1090 h
399 1004 618 1088 incurrat
647 1028 700 1087 in
731 1026 840 1088 fidei
868 1039 916 1088 et
938 1028 1152 1090 mutatis
1183 1027 1428 1108 dogmata,
1462 1050 1619 1112 neque
1659 1040 1839 1089 rectam
1883 1028 2036 1089 ratio-

259 1149 374 1192 ·-
413 1127 606 1214 pulm-
633 1131 677 1191 si
704 1141 866 1191 tamen
902 1151 1004 1191 non
1043 1130 1166 1191 bene
1210 1131 1484 1192 consentire
1509 1128 1898 1215 deprehendatur
1926 1151 2039 1190 eum

258 1230 595 1317 upoeientiae,
624 1230 866 1316 physicae,
898 1233 1235 1317 geographiae,
1265 1234 1605 1307 astronomiae,
1636 1231 1880 1308 historiae,
1912 1230 2039 1315 logi·

257 1355 346 1399 one
378 1332 684 1419 aliarumque
713 1333 1083 1419 disciplinarum
1126 1334 1469 1398 verisimilibus
1496 1336 1765 1410 sententiis,
1794 1348 1843 1397 et
1870 1349 2040 1397 contra

259 1434 506 1500 mitiliani
534 1460 644 1498 cum
673 1439 780 1499 istis
808 1461 909 1498 non
945 1438 1169 1513 absurde,
1200 1461 1301 1500 non
1333 1437 1572 1500 violenter
1612 1439 1783 1523 possit,
1812 1436 1892 1500 vel
1914 1438 2039 1521 figu-

258 1556 366 1604 ram
406 1538 624 1625 aliquam
653 1538 756 1602 illie
782 1541 1081 1603 ostendendo
1095 1589 1112 1616 ,
1143 1539 1221 1603 vel
1263 1543 1598 1626 praetermissa
1637 1539 1927 1626 supplendo,
1952 1539 2032 1602 vel

257 1643 464 1706 obsum
481 1642 800 1727 explicando:
831 1642 1108 1727 probabiles
1136 1644 1276 1719 fiunt,
1315 1642 1598 1714 verisimiles
1626 1657 1775 1729 atque
1800 1642 2032 1706 tolerabi-

260 1743 332 1808 Β
350 1744 437 1808 alii
464 1747 610 1807 etiam
637 1768 807 1807 sensus
838 1744 1061 1807 literales.

346 1849 577 1910 Retinere
602 1849 750 1928 igitur
782 1850 1033 1931 proprium
1059 1846 1294 1909 literalem
1314 1871 1509 1910 sensum
1537 1850 1801 1933 scripturae
1829 1870 1930 1911 non
1952 1871 2035 1910 oo-

258 1970 434 2031 gu,
457 1951 600 2032 eique
619 1946 728 2008 lieet
750 1949 987 2032 praeferre
1006 1949 1265 2030 figuratum
1292 1948 1543 2025 literalem,
1565 1952 1669 2011 sive
1689 1971 1843 2034 quum
1864 1951 2034 2012 verisi-

262 2047 393 2112 n'lis
417 2052 544 2111 ratio
569 2049 701 2111 bunc
727 2052 891 2134 potius
918 2073 1068 2135 quam
1106 2049 1246 2112 illum
1276 2050 1550 2133 eligendum
1579 2051 1764 2125 suadet,
1790 2049 2034 2147 simulque

259 2154 313 2214 in
332 2149 444 2214 aliis
478 2152 694 2235 ejusdem
722 2154 908 2233 generis
940 2151 1060 2215 locis
1095 2155 1164 2214 ita
1195 2152 1426 2237 explicari
1459 2154 1701 2237 scriptura
1737 2164 1886 2227 amat,
1926 2151 2031 2214 sive

258 2274 411 2339 quom
442 2253 720 2336 hujusmodi
749 2252 1009 2338 explic-tio
1025 2278 1056 2316 a
1077 2256 1300 2340 patribus
1326 2278 1428 2316 non
1449 2256 1776 2339 impugnatur,
1796 2277 1899 2317 non
1912 2254 2031 2316 dis·

248 2357 403 2434 ‚sunit
436 2357 505 2418 ab
532 2355 645 2418 aliis
668 2358 934 2441 scripturae
961 2355 1247 2419 clarioribus
1275 2355 1409 2432 loris,
1440 2380 1542 2419 non
1570 2358 1638 2419 ab
1663 2355 1881 2420 articulis
1897 2357 2027 2429 fidei,

256 2481 359 2522 nn
386 2472 575 2521 aresta
603 2461 805 2521 ratione.
850 2460 967 2521 Hoc
1006 2462 1134 2521 enim
1165 2473 1265 2534 est,
1295 2461 1490 2521 nonin
1534 2457 1793 2542 allegorias
1826 2459 2028 2522 histori-

231 2583 366 2634 ‚oem
392 2559 626 2624 litu-alem
654 2585 847 2623 sensum
877 2559 1143 2636 deflectere,
1173 2562 1258 2624 sed
1287 2585 1411 2623 eum.
1443 2562 1725 2625 historimm
1769 2560 1828 2636 ag:
1861 2560 2028 2625 litera-

255 2662 354 2727 loe
389 2687 584 2728 sensmn
625 2666 876 2749 scipturis
915 2666 1153 2740 tribuere,
1183 2666 1270 2750 qui
1315 2667 1385 2726 rei
1426 2678 1475 2727 et
1518 2666 1789 2727 narrationi
1826 2679 1878 2728 et
1907 2689 2026 2727 oon-

253 2767 497 2831 endndini
524 2767 869 2852 prophetarum
897 2770 1060 2851 aptius
1086 2770 1356 2830 conveniat.
1388 2769 1610 2830 Unicum
1630 2766 1904 2853 exemplum
1933 2770 2025 2831 da-

254 2870 337 2933 bo.
365 2871 448 2932 De
475 2867 848 2952 Hierosolymae
872 2870 1059 2932 excidio
1086 2870 1206 2933 baec
1243 2872 1549 2956 praedicebat
1575 2871 1770 2934 divinus
1798 2874 2027 2954 magister

255 2973 425 3035 Ina
451 2973 605 3034 XIX
618 3020 634 3047 ,
666 2974 767 3053 44.
799 2973 875 3034 Et
902 2997 1008 3035 non
1040 2975 1328 3057 relmqucn!
1350 2981 1405 3036 in
1429 2986 1478 3037 te
1511 2976 1740 3055 lapidem
1766 2999 1930 3055 super
1947 2977 2027 3037 Ia-

249 3075 441 3152 ffloe.
468 3075 568 3136 Uti
595 3097 741 3137 neino
769 3098 871 3136 non
903 3074 1144 3157 intelligit,
1172 3078 1352 3139 obvius
1381 3075 1585 3140 literalis
1610 3100 1669 3139 ac
1685 3080 1914 3163 proprius
1934 3077 2027 3140 bo-

259 3194 369 3238 r-
393 3176 653 3239 ¹verborum
678 3200 849 3240 mis
874 3191 964 3253 est,
994 3180 1063 3240 ita
1093 3180 1368 3242 minutatim
1400 3180 1534 3242 urbis
1570 3163 1705 3242 illius
1731 3181 1938 3255 moenia,
1967 3202 2025 3241 ac

259 3272 432 3339 hu
453 3276 734 3362 disjicimda
761 3301 820 3339 ae
846 3279 1168 3358 subvertenda
1196 3280 1316 3355 sore,
1345 3292 1403 3342 ut
1431 3304 1559 3343 unus
1591 3279 1717 3364 lapis
1745 3279 2023 3363 relinquen-

262 3371 359 3435 ἆυ
380 3395 484 3439 ιω
509 3378 702 3438 sitmm
726 3376 884 3441 altero
918 3393 1295 3461 eoagmtatus.
1342 3380 1488 3442 Nihil
1517 3382 1766 3465 prohibet,
1805 3382 1924 3464 quin
1954 3381 2023 3439 ita

265 3496 428 3537 revera
451 3480 664 3541 eruisse
692 3479 908 3543 dicamus
937 3484 987 3543 in
1033 3480 1205 3545 celebri
1243 3483 1548 3568 expeditione
1575 3498 1623 3546 et
1658 3484 1857 3545 victoria
1896 3482 2022 3541 Titi.
