2534 4296
1883 438 1919 498 3
1933 460 2005 523 27

250 548 433 615 tendat.
461 548 568 614 Vix
607 547 738 609 enim
766 547 1027 628 excogitari
1067 558 1240 631 potest,
1283 558 1521 630 quantum
1562 547 1847 611 conducent
1876 552 1940 612 ad
1970 554 2013 612 i-

247 650 490 716 ue-dn
516 670 683 733 paoem
711 660 860 732 atque
884 647 1193 709 concordiam
1224 648 1351 708 iuter
1381 659 1454 709 tot
1473 645 1699 709 eeclesiae
1726 649 2016 712 christianae

245 762 335 817 fl
372 772 516 814 m
554 762 642 812 aut
669 748 940 835 perduelles
962 747 1097 812 filios
1136 762 1272 811 tanta
1302 751 1597 834 opinionum
1625 749 1903 812 diversitate
1941 776 2018 813 sr-

243 853 688 942 μειωςιιὶεόφκ
715 844 979 915 miserabili
1006 853 1265 916 schismate
1294 854 1482 916 tamdiu
1513 853 1790 929 distractos,
1811 856 1854 916 si
1884 858 2017 939 paci-

241 954 339 1020 &
361 953 510 1039 stylo,
544 954 842 1041 pladdisque
867 955 1279 1039 disputationibus
1316 958 1547 1041 utrinque
1587 968 1824 1039 ageretur,
1862 955 2018 1019 oculis

243 1057 301 1122 ἰι
327 1080 478 1121 unam
498 1059 747 1121 mitatem
769 1081 959 1143 semper
986 1059 1196 1120 intentis.
1221 1061 1388 1144 Atque
1418 1059 1485 1122 ad
1514 1059 1608 1121 hoc
1636 1060 1690 1121 in
1720 1060 1892 1143 primis
1918 1061 2018 1120 uti-

242 1183 369 1224 nam·
391 1161 427 1223 ii
454 1154 628 1224 'sedulo
654 1174 863 1224 mentem
885 1174 1232 1237 converterent,
1256 1164 1343 1246 qui
1371 1162 1584 1224 refutant
1610 1184 1796 1224 errores
1824 1162 1889 1222 ab
1917 1184 2019 1222 uno

244 1263 443 1349 «pidem
468 1266 704 1349 scriptore
730 1287 927 1349 sparsos
954 1266 1006 1325 in
1037 1262 1228 1347 vulgus,
1260 1264 1346 1326 sed
1375 1262 1524 1326 alicui
1541 1278 1695 1326 sectae
1722 1286 2016 1326 communes.

245 1365 433 1429 Τιιί
416 1389 470 1429 ιιι
499 1389 602 1429 uno
629 1364 772 1428 multi
800 1366 1055 1442 feriuntur,
1089 1369 1353 1452 mitiusque
1381 1380 1642 1451 propterea
1670 1366 2019 1441 dimicandum,

243 1481 303 1531 ιη
325 1489 429 1532 nou
456 1491 611 1531 unum
639 1468 993 1543 tantummodo,
1015 1468 1101 1530 sed
1130 1467 1296 1597 plures
1322 1470 1480 1532 amica
1501 1468 1832 1531 confutatione
1861 1467 2020 1530 lucre-

243 1594 331 1649 m
345 1584 407 1635 ει
431 1570 656 1635 eoeloeiae
683 1572 922 1633 restituas.

329 1676 417 1739 De
441 1676 589 1738 rebus
615 1675 681 1737 ad
703 1673 983 1755 religionem
1012 1686 1062 1736 et
1090 1672 1341 1736 ecclesiam
1361 1672 1490 1736 nihil
1511 1676 1841 1759 spectantibus
1869 1676 2021 1736 inter·

245 1778 367 1842 du-
394 1777 458 1842 lis
482 1780 589 1841 erit.
613 1775 806 1839 Multas
823 1776 1024 1861 physim
1044 1778 1337 1862 suppeditat,
1361 1776 1543 1839 multas
1561 1777 1938 1862 jurisprudentia
1963 1800 2021 1838 ac

246 1882 469 1956 histoeia,
496 1878 678 1943 multas
703 1880 943 1941 rethorica
970 1892 1019 1940 et
1045 1882 1250 1964 poetica,
1278 1894 1426 1964 atque
1456 1883 1562 1964 ipsa
1590 1883 1737 1941 etiam
1774 1903 2019 1962 gramma·

247 1986 359 2047 tin.
388 1985 454 2046 In
481 1982 561 2045 his
586 1982 931 2064 excogitandis,
950 1982 1226 2057 referendis,
1248 1995 1395 2067 atque
1421 1981 1719 2067 explicandis
1747 1982 2018 2045 humanum

249 2088 513 2171 ingenium,
530 2099 678 2171 atque
689 2085 900 2147 eruditio
926 2108 1070 2169 saepe
1097 2084 1341 2147 deficiunt.
1377 2086 1515 2147 Hinc
1543 2086 1662 2147 viris
1687 2086 1864 2147 criticis
1892 2109 2021 2147 nun-

248 2211 398 2276 «pam
425 2211 528 2251 non
571 2190 626 2250 in
652 2185 837 2250 similes
862 2210 1052 2249 errores
1092 2189 1592 2270 intentissnegotium
1621 2188 1820 2270 grande,
1861 2212 2020 2273 neque

244 2292 412 2353 -ῗιιιι
435 2289 770 2375 typographis.
794 2289 854 2350 Si
882 2289 1123 2373 quosdam
1151 2290 1320 2351 audire
1341 2288 1587 2364 volumus,
1609 2291 1674 2351 ab
1694 2291 1831 2352 omni
1856 2288 2020 2351 iibro-

244 2406 366 2455 ιιιι
384 2413 587 2455 nemun
614 2391 999 2477 tmperandum.
1023 2393 1133 2454 Aut
1153 2393 1284 2453 enim
1305 2415 1420 2454 vera
1441 2406 1490 2455 et
1510 2406 1640 2455 recta
1661 2393 1852 2468 donent,
1889 2406 1937 2454 et
1965 2394 2017 2453 in

244 2497 459 2558 nemoris
485 2506 632 2580 eaput
659 2494 838 2556 recidet
863 2506 1097 2568 censura,'
1113 2497 1157 2556 si
1186 2495 1271 2556 fiat
1285 2521 1304 2567 3
1323 2508 1410 2557 aut
1439 2494 1561 2558 salsa
1589 2508 1638 2556 et
1665 2498 1831 2580 inepta
1858 2498 2018 2557 conti-

244 2610 392 2674 aaut,
417 2609 468 2660 et
507 2598 645 2659 inani
673 2597 853 2659 idcirco
878 2596 1171 2660 refelluntur
1210 2597 1394 2673 labore,
1434 2620 1587 2683 quum
1625 2612 1799 2683 suapte
1838 2612 2018 2660 natura

242 2701 346 2764 sint
368 2701 543 2776 omri,
564 2713 615 2763 et
641 2700 707 2762 ad
727 2698 908 2763 blattas
934 2703 1185 2786 tineasque
1205 2701 1491 2764 damnandi.
1511 2702 1708 2763 Petitur
1733 2702 1896 2776 etiam,
1915 2725 2017 2785 quo

242 2805 355 2888 jure
387 2804 442 2865 in
470 2816 716 2866 auctorem
741 2804 833 2865 tihi
869 2826 970 2866 non
999 2805 1251 2887 injurium,
1293 2807 1446 2866 immo
1473 2806 1547 2866 tui
1577 2806 1806 2879 nescium,
1848 2827 2017 2866 censo·

243 2905 371 2967 riam
387 2906 720 2968 autoritatem
750 2928 967 2968 exercere
994 2903 1131 2968 velis·
1156 2907 1258 2968 Sed
1288 2908 1374 2991 qui
1404 2909 1497 2968 ista
1518 2918 1693 2991 petunt
1720 2929 1777 2967 ac
1798 2919 2014 2980 monent,

242 3006 405 3070 astur
429 3010 654 3091 ignorare
681 3008 923 3084 videntur,
965 3033 1113 3095 qnam
1146 3009 1286 3071 facile
1314 3032 1451 3071 error
1482 3011 1536 3071 in
1567 3009 1789 3071 homines
1817 3011 2015 3093 irrepat,

241 3122 388 3195 tque
413 3111 480 3173 ah
507 3113 569 3173 iis
594 3111 868 3196 adoptetur,
902 3125 1238 3198 quantumque
1268 3113 1512 3175 humanae
1540 3110 1835 3198 reipublicae
1863 3113 2016 3172 inter·

242 3213 326 3288 ἅ,
345 3218 519 3276 vet-mn
546 3237 605 3277 ac
623 3215 811 3276 bonum
841 3239 872 3276 a
895 3214 1023 3278 salso
1050 3230 1099 3278 et
1126 3214 1261 3278 malo
1281 3215 1579 3297 distinguere
1599 3229 1746 3299 atque
1775 3216 1914 3275 tueri.
1936 3214 2016 3274 Ut

244 3313 310 3377 de
324 3316 524 3379 ruhte
542 3318 848 3402 potissimum
867 3317 1059 3403 loquar,
1083 3317 1334 3403 publicum
1356 3316 1443 3380 illa
1465 3331 1515 3380 et
1536 3315 1809 3380 universale
1830 3317 2014 3377 bonum

247 3415 520 3491 oessffivino
533 3442 733 3481 munere
746 3419 907 3482 adhue
930 3422 984 3482 in
1002 3423 1143 3484 terris
1159 3420 1395 3483 relictum.
1414 3423 1495 3483 Ita
1512 3434 1671 3482 totum
1687 3433 1759 3480 est
1776 3420 2011 3489 omnium,

252 3530 307 3578 ut
333 3530 490 3580 totum
517 3522 581 3582 sit
608 3523 754 3583 etiam
775 3521 1095 3603 singulorum,
1121 3522 1342 3607 nullique
1371 3523 1479 3585 iicet
1510 3546 1586 3583 me
1614 3522 1845 3604 decipere,
1867 3533 2013 3600 atque
