2534 4296
1833 431 1955 493 303
2017 472 2039 482 ι

202 554 664 640 Quanam
691 565 911 628 unquam
938 542 1128 605 definiri
1156 554 1271 628 apte
1298 544 1467 628 possit.
1500 543 1632 604 Sunt
1658 545 1804 619 enim,
1834 568 1960 629 quae

201 663 501 722 mm
529 660 720 710 tautum
737 646 992 708 hominum
1012 643 1380 728 intelligentiam
1392 657 1658 729 exposcunt
1667 670 1687 717 3
1706 659 1821 706 sunt
1835 669 1961 730 quae

201 753 543 838 *aquisitis
570 762 717 835 atque
742 748 925 812 abditis
952 749 1262 812 scientiarum
1304 771 1361 809 ac
1390 750 1570 811 artium
1601 747 1851 832 principiis
1879 770 1962 809 ar-

198 853 670 940 ahi-spumae*
693 853 874 936 Vixque
902 852 1054 913 teneri
1084 864 1320 935 possunt,
1350 852 1447 913 nisi
1479 852 1619 935 prius
1647 852 1754 933 ipsa
1784 850 1965 933 priuci-

195 954 549 1048 pinnen-m
565 955 720 1040 probe
734 951 1203 1041 complexus-fueris.
1229 953 1373 1030 Quid
1404 953 1484 1015 hic
1513 952 1659 1015 faeiat
1680 951 1827 1037 judex
1844 973 1966 1036 pru·

183 1059 349 1130 .fi²
373 1064 430 1123 A
457 1058 707 1144 praecipiti
735 1056 920 1142 judicio
949 1055 1226 1131 abstinebit,
1257 1057 1488 1131 arbitror,
1517 1054 1671 1116 donec
1698 1055 1750 1115 in
1781 1055 1852 1115 rei
1881 1076 1967 1138 pe-

193 1160 402 1231 walia
429 1174 540 1225 tuto
567 1159 689 1245 pede
725 1182 829 1221 sese
855 1160 1118 1241 ingesserit.
1162 1156 1302 1221 Illud
1342 1180 1492 1245 porro
1518 1157 1836 1219 certissimum
1877 1167 1966 1228 est,

187 1278 421 1352 quiere
444 1286 637 1349 semper
675 1276 732 1324 ut
757 1275 901 1324 antea
929 1285 1079 1346 quam
1109 1262 1480 1346 pronuntietur,
1509 1283 1576 1322 an
1603 1282 1854 1321 sacrorum
1882 1281 1967 1320 co-

197 1368 360 1433 h
374 1365 743 1430 'ctorthodoxae
770 1362 1040 1445 theologiae
1061 1364 1362 1426 documentis
1381 1364 1553 1448 opinio
1573 1364 1831 1451 quaepiam
1852 1384 1969 1422 con-

196 1482 353 1547 sneg
392 1471 496 1534 sive
523 1482 775 1552 repugnet,
805 1469 1213 1551 perspectissime
1241 1468 1341 1527 sint
1369 1463 1698 1528 ecclesiasticis
1725 1464 1972 1549 judicibus

198 1586 307 1638 -
326 1573 612 1655 negantium
639 1584 744 1633 tum
777 1570 1124 1632 affirmantium
1153 1571 1385 1644 rationes,
1402 1592 1507 1630 non
1536 1565 1699 1631 solum
1727 1580 1970 1651 quatenm

201 1674 501 1758 thelesiam
518 1675 800 1759 rapiciunt²
817 1673 905 1734 sed
933 1686 1174 1758 quatenus
1194 1674 1341 1733 etiam
1357 1671 1422 1733 ad
1438 1669 1735 1752 singularem
1757 1668 1976 1753 aliquam

202 1776 511 1864 disciplinam
538 1790 772 1863 spectant.
806 1777 957 1852 Quae
985 1798 1062 1837 res
1090 1777 1357 1837 necessario
1385 1775 1617 1857 exposcit,
1640 1786 1695 1834 ut
1715 1795 1775 1833 ea
1800 1770 1976 1833 saltem

202 1878 486 1966 &dplinae
513 1903 630 1964 pars
656 1892 987 1961 cognoscatur,
1017 1878 1148 1941 unde
1178 1880 1425 1939 rationum
1454 1877 1667 1958 cognitio
1686 1874 1878 1959 pendet.
1912 1876 1974 1935 Si

203 1981 412 2082 eanpli
431 1985 603 2065 gratia,
633 1994 926 2065 quaeratur,
956 2003 1022 2041 an
1053 1980 1164 2042 fidei
1193 1965 1441 2041 doctrinae
1480 1978 1762 2039 adversetur
1792 1978 1975 2039 Carte-

202 2088 322 2161 sim,
339 2108 493 2170 φιιιιι
505 2087 760 2147 essentiam
787 2085 1007 2169 corporis
1024 2083 1210 2168 physici
1234 2082 1406 2145 statuit
1432 2083 1486 2142 in
1510 2082 1792 2166 extensione
1821 2084 1980 2164 quan-

205 2189 377 2263 titatis,
417 2210 576 2271 neque
613 2188 936 2250 substantiam
980 2187 1100 2247 ab
1089 2209 1194 2271 ipsa
1236 2186 1508 2269 quantitate
1551 2184 1795 2245 secernit:
1838 2196 1981 2245 erunt

202 2290 423 2378 polemo
449 2287 739 2374 complures,
761 2290 939 2372 quihus
965 2286 1216 2350 conciliari
1237 2311 1341 2350 non
1361 2309 1504 2371 posse
1526 2286 1772 2370 videbitur
1801 2285 1977 2370 hujus-

204 2393 340 2461 modi
366 2391 598 2478 placitum
625 2415 739 2454 cum
765 2390 987 2453 ecclesiae
1024 2393 1263 2453 sententia
1310 2390 1371 2451 de
1415 2390 1759 2472 augustissimo
1790 2386 1980 2450 Altaris

113 2510 124 2521 ⁸
206 2498 538 2559 San-amento.
564 2486 670 2557 llic
697 2495 913 2579 profecto
941 2517 1130 2556 necesse
1150 2507 1238 2568 est,
1270 2507 1324 2555 ut
1352 2492 1414 2554 de
1434 2493 1528 2554 ista
1554 2492 1886 2553 controversia
1901 2492 1980 2574 ju·

206 2600 455 2664 «linimus
482 2599 842 2684 peripateticam
871 2596 1090 2660 scholam
1121 2596 1476 2681 aliquantisper
1503 2607 1646 2669 terat,
1672 2594 1830 2656 donec
1864 2594 1985 2655 sub-

183 2704 432 2782 ,mune
460 2703 744 2786 specierum,
775 2714 925 2785 atque
936 2700 1254 2762 accidentium
1282 2702 1484 2760 nomina
1501 2720 1560 2760 ac
1576 2697 1832 2760 historiam
1862 2720 1985 2781 pro-

206 2807 272 2870 be
295 2807 460 2878 noeit3
492 2804 558 2867 ad
584 2808 690 2890 ejus
717 2806 901 2889 quippe
926 2801 1133 2867 scholae.
1149 2804 1437 2865 sententiam
1468 2803 1735 2886 respexisse
1759 2800 1985 2862 videntur

210 2908 495 2972 Tridentini
520 2921 685 2993 patres
711 2907 773 2969 de
800 2907 1317 2969 transubstantiatione
1361 2904 1628 2990 loquentes.
1677 2905 1820 2966 Tum
1847 2901 1986 2965 dela-

209 3022 317 3082 ιιιι
331 3010 404 3073 ad
428 3008 794 3074 eoelesiasticum
834 3007 1054 3073 tribunal
1097 3011 1312 3072 Cartesii
1356 3010 1639 3094 opinionem
1682 3010 1726 3070 si
1766 3008 1913 3082 serio,
1944 3008 1988 3070 si

210 3118 350 3178 rute
358 3114 627 3201 expandere
663 3113 798 3191 velit,
827 3115 975 3199 hujus
1023 3137 1219 3200 quoque
1248 3111 1535 3200 philosophi
1583 3112 1884 3175 theoremata
1927 3111 1989 3172 de

214 3229 389 3281 unua
413 3220 630 3303 oerporis
654 3231 975 3304 perscrutetur
986 3230 1198 3303 oportet,
1225 3218 1535 3301 rationesque
1558 3214 1845 3301 perpendat,
1875 3214 1988 3297 qui-

218 3315 313 3380 b-
333 3314 420 3382 file
442 3342 583 3382 suam
611 3322 898 3384 senterrtiam
929 3322 1176 3403 ingeniose
1203 3320 1432 3380 munivit.

306 3417 372 3479 ld
398 3417 660 3503 plurimum
692 3424 901 3484 interest.
947 3423 1115 3497 Nam,
1155 3435 1212 3483 ut
1238 3420 1358 3483 alibi
1401 3419 1630 3495 diximus,
1663 3441 1829 3480 verum
1875 3437 1991 3474 vero

224 3517 465 3582 adventi
489 3526 688 3606 nequit,
718 3537 864 3607 atque
894 3526 966 3585 uti
994 3547 1106 3586 cum
1137 3524 1420 3585 veritatibus
1450 3519 1731 3603 theologicis
1774 3514 1992 3602 pbiloso-

410 3622 535 3664 lame
530 3622 616 3665 ‘ndi
633 3625 788 3666 Pn’eun
759 3626 833 3667 mi.
