2534 4296
1840 420 1951 481 251

207 540 386 613 unffi,
411 548 469 599 tit
496 556 596 598 non
626 530 874 596 laudabile
901 530 1078 607 solum,
1108 531 1269 593 sedet
1290 532 1607 593 neooesarinni
1638 519 1854 595 futurum
1882 536 1963 608 sit,

206 638 439 704 *ub
456 625 713 700 ooiidliaie
738 657 987 697 sacrorum
1010 632 1247 696 libroruin
1277 634 1572 704 sententian
1590 632 1725 717 qnod
1752 655 1966 696 ooniiuo-

206 731 1966 835 ss'ostpefiedpoeerigsii'ectaeoeitioesusnsadminieulumpieet

203 832 375 906 fido
401 840 745 926 ipimtihffi
774 830 915 902 serat.

201 936 445 1020 ραι
478 944 579 1005 sint
606 954 767 1004 autem
812 942 988 1003 harum
1017 938 1177 1023 legum
1223 940 1538 1003 fundamenta
1566 939 1776 1002 breviter
1815 961 1966 1024 expo-

201 1064 388 1107 nemus.
417 1045 621 1107 Veritas
646 1065 746 1106 una
789 1056 876 1106 est.
900 1041 1289 1106 Innumerabiles
1317 1047 1424 1127 ejus
1450 1039 1716 1127 particulae
1745 1063 1845 1103 non
1876 1063 1967 1123 pii·

201 1158 354 1230 gunt
379 1148 602 1221 invioem,
624 1167 732 1208 non
763 1145 1057 1221 discondant,
1086 1145 1171 1207 sed
1202 1147 1354 1208 ainioe
1391 1144 1708 1228 conspirant3
1735 1132 1871 1228 quod
1906 1143 1967 1205 de

200 1244 446 1314 motibus
473 1271 577 1311 non
617 1249 791 1311 aoeidit
820 1270 1032 1333 quornm
1061 1246 1186 1310 alter
1213 1246 1421 1310 alterum
1448 1248 1721 1331 insequitur
1738 1268 1969 1324 nonnun-

58 1383 70 1398 ·
202 1373 370 1437 quain,
408 1373 466 1413 ai:
494 1351 716 1426 destruit,
745 1352 885 1413 omni
923 1373 1010 1436 spe
1039 1351 1247 1414 foederis
1274 1351 1501 1435 utrinqne
1535 1348 1744 1414 sublata.
1776 1348 1885 1409 Fac
1913 1373 1969 1409 a·

203 1451 366 1539 lipid
388 1455 455 1515 sit
481 1474 651 1515 verum
678 1454 731 1514 in
761 1443 1022 1535 theologia,
1059 1466 1109 1515 et
1137 1453 1370 1515 insaeris
1398 1451 1569 1527 literis,
1600 1474 1790 1514 neeesse
1815 1465 1887 1513 ost
1919 1466 1972 1513 ut

204 1556 549 1642 iqunoque
567 1555 838 1618 affirmetur
862 1558 916 1617 in
938 1555 1155 1640 physica,
1182 1568 1231 1618 et
1252 1558 1305 1619 in
1336 1555 1558 1640 profanis
1576 1555 1974 1616 historiis-Rur-

204 1680 290 1723 αι
316 1661 361 1721 si
387 1659 660 1744 quidquam
697 1680 867 1720 verum
896 1672 1174 1744 oei-tumque
1201 1661 1266 1721 sit
1293 1660 1347 1719 in
1387 1656 1705 1743 philosophia
1734 1670 1783 1719 et
1813 1660 1867 1718 in
1895 1657 1973 1719 hi·

205 1761 486 1827 storiisn'ou
516 1764 681 1836 sau-is,
699 1760 839 1824 aliter
867 1764 1072 1823 sensisse
1089 1763 1257 1846 nequit
1286 1761 1456 1822 divina
1489 1763 1743 1844 scriptura,
1774 1773 1824 1822 et
1842 1760 1972 1821 chri-

207 1866 475 1926 stinctum
502 1863 764 1944 theologia.
792 1865 1014 1925 Unicum
1044 1876 1206 1924 tamen
1238 1863 1355 1924 haec
1383 1864 1511 1924 inter
1531 1862 1800 1924 discrimen.
1833 1863 1975 1923 Sem-

210 1958 301 2051 per
316 1968 461 2041 atio,
490 1988 680 2051 semper
698 1964 1029 2050 philosophia,
1059 1963 1362 2048 aliarumque
1378 1966 1558 2026 artium
1587 1963 1875 2025 documenta
1896 1986 1973 2025 oe-

208 2069 476 2144 dei'efidei,
494 2070 740 2154 sacrisque
769 2067 923 2131 literis
938 2068 1131 2142 dehent,
1160 2066 1349 2152 aliquid
1369 2067 1616 2129 evidenter
1642 2066 1976 2138 tradentibus3

208 2171 310 2234 non
331 2179 506 2233 πίω
528 2193 693 2234 sartae
722 2168 895 2232 literae
922 2192 981 2231 ac
1013 2167 1276 2251 theologia
1290 2167 1480 2253 aliquid
1507 2167 1752 2230 evidenter
1769 2189 1975 2228 narran-

205 2288 296 2350 tn,
314 2273 671 2337 suhnittmdae
683 2286 799 2336 sunt
814 2274 994 2334 rationi
1015 2295 1072 2334 ac
1087 2270 1447 2356 philosophiae,
1465 2293 1764 2387 quamquam
1792 2283 1842 2331 et
1857 2271 1976 2332 istae

206 2375 517 2472 evidentiam
515 2380 703 2468 jactent
728 2398 761 2437 a
788 2377 891 2437 suis
917 2375 1142 2458 pai-tibus
1182 2396 1331 2458 quain
1360 2375 1638 2435 maximam.
1668 2375 1746 2434 Et
1784 2374 1977 2457 aequis·

205 2467 329 2544 sime
356 2478 408 2541 id
437 2481 548 2541 ah
531 2502 640 2564 ipsa
659 2480 849 2540 ratione
877 2480 1099 2560 exigitur,
1134 2499 1247 2538 cum
1276 2478 1427 2539 sacris
1454 2478 1584 2538 enim
1602 2474 1771 2550 literis,
1800 2488 1849 2536 et
1867 2497 1976 2536 cum

204 2583 320 2659 fide,
348 2605 406 2645 ai:
433 2580 726 2645 revelatione
752 2582 938 2656 divina,
968 2592 1205 2664 pei-petuo
1234 2592 1282 2641 et
1312 2580 1581 2641 necessario
1617 2580 1876 2662 conjuncta
1905 2592 1978 2639 est

98 2745 107 2754 .
208 2688 402 2770 viritas.
432 2684 644 2770 Aliquid
669 2683 915 2747 revelante
942 2706 1001 2746 ac
1026 2683 1248 2745 tradente
1276 2684 1391 2744 Deo
1411 2682 1665 2756 omniscio,
1696 2692 1746 2742 et
1773 2682 1978 2742 veracis-

208 2790 351 2864 simo,
377 2787 481 2850 illic
506 2810 717 2851 errorem
745 2801 832 2850 aut
851 2786 1155 2848 mendacium
1174 2787 1457 2867 excogitare,
1489 2785 1711 2846 omniinn
1736 2784 1977 2868 pernicio-

209 2893 451 2955 a'ssimum
482 2890 709 2952 delirium
746 2903 833 2952 est.
867 2891 1063 2952 Contra
1092 2911 1203 2950 enm
1229 2890 1420 2950 ratione
1449 2887 1681 2962 hnmana,
1721 2908 1834 2947 cum
1862 2885 1979 2970 phi-

207 2992 451 3080 losophia,
470 2992 930 3078 historia’profana,
952 2990 1159 3076 aliisque
1186 2992 1375 3053 artibus
1395 2991 1664 3053 noeoesario
1679 2990 1860 3057 vetitas
1876 3010 1978 3050 non

208 3096 432 3173 habiiat,
459 3109 509 3158 et
553 3118 696 3181 saepe
723 3119 860 3158 error
903 3094 1062 3157 locum
1094 3094 1257 3156 hahet.
1290 3096 1450 3174 Igitur
1482 3091 1660 3155 falsum
1689 3092 1755 3153 sit
1794 3114 1981 3152 neooese

207 3209 319 3275 Q
326 3200 462 3285 qnod
490 3222 522 3260 a
550 3201 803 3284 perspicua
830 3198 942 3274 fidei
972 3197 1244 3259 eruditione
1279 3197 1517 3271 dissentit,
1546 3218 1705 3280 neque
1722 3196 1851 3256 enini
1884 3192 1979 3254 alia

214 3312 329 3365 m
340 3315 501 3387 potest
535 3285 874 3384 theologormn
902 3302 1097 3373 veritas,
1127 3298 1225 3363 alia
1269 3297 1693 3385 philosophorum,
1737 3295 1835 3358 alia
1864 3297 1980 3367 Dei,

211 3402 316 3466 alia
351 3404 648 3477 hominium
673 3428 730 3467 ac
758 3404 965 3490 proinde
1008 3404 1145 3466 oedat
1173 3415 1367 3487 oportet
1395 3404 1523 3464 ratio
1565 3401 1692 3474 fidei,
1723 3421 1822 3460 non
1866 3397 1980 3456 fides

219 3507 414 3581 ''affl’'
441 3508 582 3568 810111
608 3529 819 3591 ἕψω)
845 3520 934 3581 est,
963 3520 1017 3567 nt
1047 3506 1270 3568 homines
1296 3507 1435 3579 Deo,
1467 3526 1566 3565 non
1596 3504 1738 3563 Dein
1766 3497 1980 3560 homini·
