2534 4296
1884 384 2011 468 3⁰9

254 517 376 567 αα.
404 498 656 564 Interdum
686 518 804 558 vero
831 518 932 558 non
962 494 1073 558 lieet
1101 494 1281 569 solum,
1310 494 1399 557 sed
1424 496 1572 557 etiam
1602 518 1789 558 necoese
1816 512 1891 560 est
1931 523 2015 561 ve-

253 608 441 670 rbu·
466 600 770 674 anunntiare,
792 611 842 660 et
870 597 1090 682 prodere,
1111 611 1259 682 atque
1291 599 1433 672 tucri,
1451 596 1587 682 quod
1616 621 1742 659 onus
1758 601 2011 684 episcopis,

250 704 566 778 animis
589 702 869 786 pastoribus
893 699 1118 764 catholici
1147 702 1303 783 gregis
1333 701 1584 775 incumbit,
1613 723 1725 762 cum
1754 701 1820 762 ad
1850 724 2011 785 popu-

249 806 336 873 b
352 806 578 882 doctrina
600 803 1102 879 sanzinfiormandos,
1135 817 1240 865 tum
1268 803 1334 865 ad
1362 826 1549 866 errores
1578 802 1788 865 subinde
1817 826 2017 865 nascen-

248 921 325 974 Β
345 905 685 971 eliminandos.
714 905 970 969 Interdum
997 929 1100 968 non
1131 908 1411 968 necessitate
1438 905 1653 990 quidem,
1683 905 1770 968 sed
1811 907 2015 989 optimo,

247 1031 531 1095 meque
567 1011 654 1093 pio
680 1006 888 1072 oonsilio
932 1010 1111 1071 veritas
1148 1008 1506 1084 disseminatur,
1551 1031 1705 1092 quum
1735 1031 1911 1092 nempe
1954 1008 2020 1069 ad

247 1109 460 1199 ppulo·
486 1112 722 1174 barbaros
748 1125 896 1197 atque
924 1108 1140 1174 infideles
1166 1110 1405 1194 evangelii
1434 1110 1599 1173 lumen
1628 1109 1859 1185 defertur,
1881 1111 2016 1194 quod

246 1214 600 1278 &andnam
615 1237 742 1299 opus
760 1236 849 1299 per
875 1227 950 1276 tot
969 1212 1160 1291 saecula
1179 1238 1277 1277 uua
1298 1213 1497 1276 ecclesia
1525 1211 1766 1276 catholica
1782 1214 1879 1274 sibi
1908 1215 2019 1274 vin-

247 1315 409 1380 ffioee
434 1329 486 1379 et
510 1339 737 1403 peragere
762 1319 1030 1393 consuevit,
1064 1330 1114 1379 et
1143 1317 1305 1379 adhuc
1334 1319 1538 1402 peragit,
1568 1315 1864 1402 apostolicae
1908 1318 2019 1379 fidei

247 1441 352 1484 m
377 1420 555 1495 minis,
584 1442 733 1503 quam
761 1418 854 1481 zeli
882 1418 1140 1504 apostolici
1170 1420 1355 1483 haeres.

252 1558 256 1561 ·
307 1519 531 1585 'Vemm
558 1521 677 1584 haec
704 1545 806 1585 non
834 1536 952 1585 sunt
980 1523 1129 1606 hujus
1174 1521 1286 1598 loci,
1316 1546 1475 1607 neque
1504 1521 1792 1607 ampliorem
1837 1546 2023 1585 senno·

246 1648 360 1689 nem
386 1623 671 1711 postulant,
698 1625 824 1688 adeo
851 1639 1075 1711 apertum
1104 1639 1192 1701 est,
1221 1639 1368 1709 atque
1399 1625 1590 1687 homini
1621 1648 1651 1686 a
1679 1637 1858 1687 natura
1899 1627 2022 1687 insi-

247 1740 372 1804 tun,
406 1727 812 1803 bonotissimam,
840 1731 1208 1804 sanctissimam,
1238 1743 1287 1790 et
1330 1730 1521 1790 eximiis
1550 1727 1780 1790 laudibus
1823 1728 2019 1810 dignam

247 1853 353 1894 em
378 1833 598 1895 veritatis
624 1833 1039 1916 propagationem,
1068 1845 1118 1893 et
1146 1830 1280 1892 itlius
1308 1833 1581 1915 praecipue,
1612 1854 1740 1914 quae
1774 1831 1839 1892 ad
1868 1845 2023 1893 aeter-

249 1956 368 1997 nam
393 1935 547 1995 vitam
575 1934 832 2018 perducere
873 1946 1047 2018 ptest.
1081 1934 1251 1995 Satius
1277 1956 1395 2014 ergo
1422 1946 1495 1995 est
1523 1934 1690 1994 statim
1735 1933 1932 2014 aggredi
1963 1932 2026 1994 li-

252 2039 410 2111 nitu,
448 2037 629 2122 quibus
654 2039 1004 2119 constringitur
1048 2049 1239 2099 vastum
1268 2039 1348 2120 jus
1391 2038 1695 2117 ingeniorum
1727 2037 1780 2096 in
1824 2038 2026 2098 veritate

249 2137 603 2201 annuntianda.
635 2137 794 2214 Quod
823 2150 880 2199 ut
905 2140 1075 2222 paucis
1101 2134 1493 2220 complectamur,
1524 2134 1651 2198 illud
1696 2149 1886 2198 mature
1915 2150 2021 2199 sta-

248 2240 450 2316 iniimus,
478 2251 608 2301 recta
635 2262 739 2300 me
768 2262 871 2300 non
900 2262 1042 2324 posse
1062 2238 1316 2300 hominum
1347 2261 1513 2322 opera,
1545 2240 1639 2300 nisi
1660 2262 1692 2299 a
1721 2239 1908 2322 justitia
1944 2262 2026 2299 ve-

247 2363 306 2403 ra
333 2340 614 2427 pooedant,
641 2353 692 2402 et
717 2342 968 2402 caritatem
995 2340 1312 2403 christianam
1340 2341 1527 2415 ducem,
1555 2340 1868 2424 prudentiam
1904 2363 2021 2402 vero

243 2443 470 2505 mitem
496 2442 727 2504 habant.
757 2444 871 2505 Has
898 2467 1015 2525 ergo
1042 2445 1246 2506 virtutes
1283 2467 1401 2528 prae
1428 2441 1585 2507 oculis
1628 2442 1809 2504 habeat
1856 2466 2019 2504 neces-

245 2568 301 2608 se
324 2558 414 2621 est,
437 2547 532 2630 qui
557 2557 683 2607 recte
711 2545 945 2628 proferre,
974 2544 1196 2630 aliosque
1224 2546 1395 2608 docere
1435 2544 1555 2608 velit
1583 2547 1811 2608 veritates
1839 2545 1904 2607 ad
1934 2570 2021 2607 or-

247 2646 518 2711 thodoxam
532 2646 816 2730 religionem
838 2662 886 2710 et
911 2649 1232 2711 eruditionem
1255 2649 1572 2711 christianam
1587 2662 1873 2733 spectantes.
1903 2650 2022 2710 Pri-

249 2772 386 2813 m
413 2762 577 2813 antem
605 2753 820 2836 justitiae
861 2775 1041 2814 munus
1068 2765 1142 2813 est
1169 2752 1467 2826 interdicere,
1497 2775 1560 2813 ne
1584 2753 1701 2836 quis
1730 2753 1783 2812 in
1827 2753 2024 2833 negotio
2108 2745 2112 2757 ’

244 2849 496 2935 religionis
536 2853 788 2915 veritatem
829 2851 1025 2934 evulget
1066 2876 1125 2914 ac
1165 2854 1356 2926 tradat,
1388 2876 1537 2937 quam
1578 2855 1682 2937 ipse
1711 2867 1844 2914 certo
1883 2854 2021 2936 prius

244 2976 352 3017 nnn
376 2957 570 3018 noverit
595 2977 764 3016 revera
792 2953 940 3016 talem
968 2979 1086 3018 esse.
1118 2956 1255 3030 Non,
1279 2958 1498 3040 inquam,
1529 2955 1719 3018 homini
1755 2954 1882 3030 licet,
1912 2970 2023 3016 tan·

244 3079 397 3142 quan
422 3079 540 3122 vera
565 3058 678 3120 fidei
718 3058 948 3140 dogmata
978 3059 1195 3143 proferre
1240 3060 1447 3121 incertas
1474 3060 1732 3143 opiniones
1775 3083 1904 3134 suas,
1934 3072 2021 3120 aut

245 3161 366 3222 um
388 3162 569 3224 erroris
595 3159 881 3223 insimulare
925 3175 1073 3247 atque
1102 3162 1351 3237 damnare,
1381 3185 1509 3246 quae
1548 3163 1643 3223 sibi
1673 3160 1799 3224 falsa
1843 3176 1891 3223 et
1933 3162 2023 3222 da·

247 3262 463 3330 mida
487 3286 591 3326 esse
611 3265 748 3347 prius
775 3287 880 3326 non
898 3278 1100 3327 constet.
1128 3266 1264 3342 Quis
1293 3267 1425 3326 enim
1443 3288 1545 3326 non
1576 3263 1831 3347 intelligat,
1862 3288 2021 3348 quan·

252 3373 361 3426 tt-
386 3365 638 3451 ali-aequo
662 3379 713 3428 et
739 3368 929 3429 ratione
971 3367 1251 3443 abhorreat,
1282 3381 1517 3453 tanquam
1548 3368 1811 3429 medicinas
1856 3369 2022 3450 propi·-

254 3486 389 3540 nare,
412 3474 542 3551 quae
583 3490 770 3530 venena
797 3492 900 3532 ωε
929 3469 1153 3533 dubitare
1196 3471 1390 3555 possis?
1419 3474 1495 3532 Et
1527 3471 1579 3532 id
1607 3471 1804 3553 quidem
1847 3483 2021 3529 temere
