2534 4296
1929 407 2054 488 465

311 516 456 581 ded.
478 512 698 579 nundum
725 513 959 596 probatis,
988 513 1139 574 immo
1157 535 1508 599 nonnunquam
1538 515 1605 575 ab
1634 517 1739 599 ipsa
1761 520 2056 602 improbatis.

309 615 641 688 Aban-ebat,
669 616 894 697 mysteria
921 616 1127 699 pietatis,
1146 627 1196 677 et
1223 627 1519 678 samurenta
1542 617 1704 701 impiis
1725 632 1869 702 atque
1891 623 2058 684 inlide-

309 716 439 781 Β
460 715 698 801 podera
722 728 771 778 et
797 740 857 778 ex
886 717 1006 801 ipsis
1033 716 1234 779 ridmda
1265 720 1427 802 potius
1448 741 1597 803 quam
1626 721 1897 782 veneranda
1923 723 2060 784 exhi-

306 819 432 882 tuae-
458 816 984 903 populo..speeueulaj
1021 831 1070 881 et
1107 819 1472 882 immoderatam
1514 822 1845 905 peu-atoribus
1882 844 1913 882 a
1949 826 2062 886 Deo

304 917 526 1006 pallioni
554 919 918 1003 indulgentiam,
947 935 1032 983 aut
1058 921 1251 984 eosdem
1279 924 1431 985 nimia
1457 925 1711 986 semime
1739 925 1805 985 ,iu
1836 922 2062 1009 dapen-

305 1025 488 1085 tinnem
514 1047 670 1106 agere,
696 1037 783 1087 aut
813 1047 947 1109 spem
974 1023 1149 1087 salutis
1165 1048 1357 1087 omnem
1382 1049 1560 1110 ponere
1589 1028 1640 1090 in
1670 1027 1962 1112 quibusdam
1990 1026 2063 1090 le·

304 1126 449 1187 vibus
474 1138 699 1188 externae
725 1128 918 1211 pietatis
946 1129 1345 1204 institutioniboe,
1366 1129 1505 1213 quod
1529 1129 1770 1213 pharisaei
1790 1127 1911 1191 olim
1941 1153 2065 1214 quo-

302 1250 399 1313 qne
424 1228 680 1291 faciebant.
713 1228 865 1292 Zelus
891 1244 1055 1293 noster
1082 1254 1142 1293 eo
1168 1232 1314 1293 etiam
1342 1231 1456 1294 ferri
1485 1231 1642 1307 debet,
1671 1244 1730 1294 ut
1755 1254 1861 1295 non
1889 1232 2063 1294 diffici-

300 1325 375 1394 loe
400 1352 493 1393 nos
518 1333 836 1416 praebeamus
862 1333 926 1395 ad
943 1334 1178 1396 credenda
1198 1347 1476 1398 sanctomm
1504 1333 1761 1396 hominm
1780 1348 1930 1417 gesta,
1960 1337 2063 1396 vir-

300 1444 444 1510 tutes,
470 1458 529 1496 ac
554 1434 804 1511 miracula,
833 1459 959 1520 quae
986 1438 1052 1498 ab
1072 1437 1320 1499 historicis
1358 1437 1455 1499 tide
1490 1437 1649 1521 dignis
1677 1440 1937 1500 memoriae
1966 1452 2064 1500 tra-

301 1535 499 1598 duntur.
523 1538 625 1601 Sed
651 1540 741 1600 iste
761 1537 893 1600 zelus
909 1539 1138 1601 honestos
1166 1542 1360 1600 virtutis
1388 1540 1507 1603 fines
1535 1542 1953 1625 praetergreditur,
1978 1543 2063 1602 ubi

301 1662 395 1701 nus
405 1640 606 1702 ninnium
621 1640 783 1704 faciles
790 1642 949 1717 efficit,
961 1643 1112 1703 immo
1125 1644 1269 1724 exigit
1283 1642 1346 1703 ad
1357 1643 1593 1704 credenda
1608 1666 1935 1729 quaecumque
1948 1668 2063 1728 pro-

300 1740 447 1824 digia,
465 1766 551 1805 seu
570 1757 628 1805 ut
646 1746 860 1830 apertius
878 1743 1068 1830 loquar,
1089 1746 1153 1807 ad
1171 1746 1449 1830 probandas
1465 1745 1658 1807 fabulas
1678 1756 1862 1821 omnes,
1885 1760 1970 1807 aut
1991 1745 2062 1807 le·

301 1866 387 1907 ves
409 1844 711 1909 animlamm
738 1846 1124 1909 narratiunculas
1166 1847 1227 1909 de
1254 1847 1553 1909 admirandis
1593 1848 1916 1932 quorumdam
1944 1872 2061 1910 san-

300 1958 488 2009 ctoenm
513 1950 768 2064 operibns,
800 1962 887 2011 aut
925 1951 1238 2033 antiquitates
1278 1949 1427 2024 fictas,
1468 1964 1555 2011 aut
1594 1948 1783 2067 lipsana
1812 1974 1915 2013 non
1942 1953 2062 2013 satis

299 2252 354 2313 in
382 2250 497 2327 illis,
526 2251 639 2315 linet
665 2257 908 2317 conservis
935 2258 1129 2331 nostris,
1147 2256 1445 2319 honoramus
1472 2257 1604 2318 dona
1636 2259 1750 2333 Dei,
1770 2271 1820 2320 et
1849 2259 2056 2340 gratiam

302 2353 510 2430 Christi,
536 2368 684 2440 atque
710 2357 1225 2443 adeoipsumDeum,
1257 2361 1420 2443 quiet
1446 2384 1507 2421 ex
1534 2362 2063 2434 cornmintemessione

298 2454 485 2542 plura
470 2481 523 2519 ιιι
551 2458 773 2521 homines
801 2461 1027 2524 beneficia
1055 2463 1255 2578 spargit.
1288 2463 1390 2524 Sed
1422 2463 1754 2538 immoderato,
1782 2475 1832 2525 et
1861 2465 2058 2524 minime

299 2557 533 2622 laudabili
561 2559 668 2623 zelo
695 2563 899 2639 ardebit,
927 2565 1148 2648 quisquis
1176 2563 1366 2627 talem
1352 2567 1446 2650 ipsi
1470 2565 1707 2628 honorem
1734 2563 1904 2640 desert,
1934 2588 2063 2649 qua--

301 2660 365 2725 tis
387 2662 484 2724 ‘uni
514 2665 628 2726 Deo
653 2668 910 2738 nnumin
935 2668 1116 2734 aut=ab
1157 2669 1279 2751 ipsis
1315 2669 1384 2729 ita
1412 2671 1568 2753 poscit
1606 2690 1663 2730 ac
1699 2680 1918 2752 expectat
1955 2690 2057 2729 nou

300 2764 584 2851 tmporalia
623 2766 782 2832 solum
811 2791 1027 2845 munera,
1057 2770 1172 2832 sed
1161 2771 1341 2854 ipsam
1382 2784 1684 2855 peccatorum
1710 2771 2055 2842 remissionem,

296 2879 352 2932 et
374 2870 525 2931 vitam
554 2878 813 2947 aeternam,
835 2883 899 2935 ut
938 2871 1051 2935 illos
1093 2896 1153 2935 ex
1182 2874 1574 2937 intercessoribus
1602 2873 1756 2936 saoere
1796 2874 1936 2935 Deos
1979 2874 2057 2933 vi-

297 2972 495 3044 ‹htutz
519 2985 606 3034 aut
636 2976 799 3036 omnia
828 2976 1019 3057 pietatis
1046 2959 1248 3037 officia
1234 2999 1287 3038 ιιι
1317 2978 1423 3040 istis
1444 2978 1608 3092 potius
1626 2978 1721 3039 sibi
1742 2960 2055 3049 demetendis,

297 3097 448 3158 quan
475 3076 527 3137 in
555 3077 670 3139 Deo
690 3074 944 3161 plahndm
964 3076 1263 3151 colloca13et
1284 3081 1418 3164 ipsos
1444 3081 1508 3141 iis
1523 3080 1686 3140 nimiis
1714 3077 1941 3140 laudibus
1968 3100 2055 3138 ex-

299 3172 447 3252 touit,
473 3200 597 3262 quas
622 3180 834 3263 perfecta
854 3179 1109 3265 disciplina
1129 3205 1269 3264 aegre
1297 3182 1477 3258 serat,
1463 3204 1614 3244 immo
1635 3183 1730 3266 ipsi
1751 3204 1780 3243 e
1798 3178 1947 3242 coelis
1963 3180 2056 3239 mi·

300 3277 662 3364 n-epmbarc
686 3282 909 3345 cedendi
937 3297 1052 3346 sunt
1066 3309 1085 3356 3
1111 3307 1376 3369 eorumque
1404 3286 1654 3367 imagines,
1681 3297 1731 3346 et
1758 3306 1919 3346 sacras
1946 3280 2058 3342 reii-

303 3381 462 3464 φὴ,
485 3395 535 3443 et
560 3383 664 3445 dies
692 3385 839 3447 festos
863 3385 1000 3449 cultu
1029 3387 1289 3449 immodico
1315 3390 1636 3472 prosequitur.

393 3488 466 3544 At
493 3506 592 3546 nun
621 3485 718 3548 alia
746 3487 807 3549 de
834 3511 977 3551 musa
1004 3488 1229 3552 hominm
1256 3490 1336 3551 hic
1375 3502 1540 3552 errant
1576 3512 1722 3572 quam
1751 3491 1865 3572 quia
1893 3497 2056 3546 carent
