2534 4296
1985 398 2088 436 xm

334 512 587 557 necesse
630 502 742 564 est,
771 493 820 551 si
854 490 1066 552 volunt
1108 492 1171 551 in
1204 490 1407 552 officio
1438 492 1752 552 continere
1799 494 2093 577 intempe-

332 595 523 658 rantia
567 594 828 676 ingenia,
862 604 926 654 et
953 592 1035 654 ad
1065 594 1335 655 veritatis
1370 594 1637 656 sacraria
1667 594 1981 666 tutissime,
2022 617 2091 656 ac

331 697 465 759 sine
492 695 767 783 periculo
800 694 992 758 famae
1023 707 1141 759 aut·
1158 697 1413 770 animae,
1436 694 1827 759 contendere.
1847 696 1970 757 Has
1994 718 2095 757 au-

331 809 458 861 tem
495 798 960 883 :legenfdnrket
987 799 1038 861 si
1069 798 1310 871 deutur,
1357 799 1610 862 omnino
1632 798 1978 860 'discendas
2024 820 2093 859 ac

332 902 660 965 servandas
689 912 1099 985 nemoneget.
1120 900 1378 978 Qualem
1411 902 1577 964 enim
1608 900 1946 964 secundum
1971 903 2094 962 exi-

332 1015 465 1068 tum
494 1015 899 1091 expectemus·
917 1025 953 1066 a
983 1003 1200 1067 studiis
1230 1002 1473 1079 nostrisss
1491 1016 1556 1067 et
1583 1004 1660 1066 ab
1690 1005 1864 1067 anxia
1896 1005 2096 1089 inqui-

334 1109 574 1172 sitione·
597 1108 912 1181 veritatis,¹
945 1109 1066 1170 nisi
1118 1118 1259 1170 ante
1303 1109 1532 1170 omnia·
1561 1109 1642 1170 sit
1692 1104 2096 1192 exploratum,

334 1212 653 1297 quousque
680 1209 1092 1289 meditationis
1122 1221 1365 1273 nostrae
1394 1221 1648 1273 conatus
1671 1210 1963 1296 progredi
1995 1209 2098 1271 de·

332 1312 492 1389 beat,
513 1323 575 1376 et
590 1313 697 1375 ubi
727 1312 1184 1376 consistendum
1211 1314 1292 1375 sit
1311 1305 1574 1392 ingeniis
1595 1313 1956 1399 plerumque
1977 1335 2099 1374 am·

333 1414 604 1479 bitiosis?
632 1415 811 1479 Tolle
847 1418 993 1479 istas
1034 1414 1228 1500 leges,
1256 1427 1362 1478 aut
1387 1414 1569 1478 flocci
1588 1412 1839 1501 pende:
1870 1418 2098 1478 senties

333 1530 524 1583 artem
566 1524 841 1583 critic-m
882 1541 1011 1582 non
1054 1521 1256 1582 minus
1299 1520 1707 1605 perniciosam
1754 1541 1937 1605 quam
1983 1518 2102 1604 gla-

336 1621 490 1696 dios,
507 1622 860 1686 morborum
880 1621 1131 1708 quidem
1161 1633 1470 1686 curatores
1501 1624 1567 1685 in
1587 1622 1814 1685 medici
1835 1622 2101 1709 pruden-

336 1726 414 1786 tis
450 1746 654 1800 manu,
693 1737 758 1788 at
800 1728 866 1788 in
898 1726 1108 1789 fun‘osi
1156 1725 1424 1789 hominis
1473 1726 1753 1789 funerum
1802 1738 2099 1788 auctores.

335 1827 526 1910 Igitur
551 1827 904 1916 hujusmodi
948 1829 1357 1892 consideratio
1383 1831 1450 1891 in
1481 1851 1661 1891 causa
1692 1829 1821 1902 fuit,
1867 1852 1978 1891 cur
2005 1851 2102 1890 su-

340 1933 642 2015 sceperim
658 1932 736 1993 de
761 1935 1138 2014 &geniorum
1164 1932 1572 1993 moderatione
1593 1934 1658 1992 in
1678 1930 1982 2013 religionis
2001 1953 2102 1993 ne·

334 2037 502 2117 gotio
529 2032 924 2108 utilissimam,
955 2043 1250 2120 quantum
1277 2032 1429 2095 mihi
1458 2032 1715 2106 videtur,
1745 2031 2103 2117 disputatio-

338 2155 500 2207 nem,
535 2154 719 2219 quam
749 2136 981 2198 utinam
1027 2148 1145 2220 pm
1171 2137 1392 2198 merito
1439 2147 1571 2210 suo,
1612 2146 1676 2196 et
1703 2136 1982 2220 apposite
2022 2136 2103 2197 ad

336 2234 771 2299 nonnullorum
797 2236 1192 2320 indigentiam
1222 2248 1592 2323 pertractare
1624 2253 1887 2322 possem.
1919 2267 1923 2270 ·

427 2337 853 2403 Sed=uetanto
882 2340 1134 2426 quidem
1162 2342 1361 2426 spatio
1390 2362 1564 2404 meus
1583 2342 1820 2406 animus
1851 2351 2104 2403 conten-

339 2454 440 2505 tus
470 2463 608 2508 esse
626 2455 743 2506 ‘aut
757 2444 975 2529 potuit,
995 2455 1101 2506 aut
1117 2443 1346 2506 debuit.
1364 2445 1779 2506 hascerentur
1804 2443 1955 2505 mihi
1977 2465 2105 2505 non

340 2548 543 2633 pauci‚‘
570 2549 741 2632 quasi
780 2547 1113 2633 compedes
1144 2567 1339 2611 novos
1370 2549 1791 2631 excogitarem,
1822 2568 2102 2631 novaque

339 2649 582 2715 vincula
624 2651 884 2734 ingeniis
930 2651 1262 2738 injicerem,
1312 2650 1560 2736 quando
1608 2654 1730 2737 jam
1760 2661 1855 2712 tot
1879 2651 2103 2737 injecta

341 2753 640 2828 videntur,
657 2765 728 2816 ut
756 2754 834 2816 de
857 2753 1163 2816 veteribus
1192 2754 1398 2839 potius
1426 2753 1793 2827 minuendis,
1813 2774 1995 2838 quam
2026 2754 2104 2814 de

340 2856 905 2945 novisadjiciendis
953 2857 1343 2938 cogitandum
1373 2857 1546 2918 foret.
1588 2855 1903 2933 'Quorsum
1941 2857 2104 2917 enim

340 2954 810 3045 (insusurrarent
825 2961 975 3023 mihi
990 2962 1059 3022 in
1079 2982 1288 3023 aurem
1317 2959 1603 3023 catholici
1634 2958 1905 3045 quidam)
1925 2971 1990 3021 tu
2011 2961 2105 3020 in-

340 3074 443 3126 ter
473 3084 589 3127 nos
628 3064 1076 3139 commendare,
1116 3063 1557 3150 diligenterque
1605 3053 1862 3125 suadere
1904 3064 2106 3125 mode-

341 3169 635 3230 rationem
665 3171 1067 3252 ingenionan,
1097 3189 1224 3229 uon
1255 3167 1453 3230 solum
1482 3166 1721 3251 legibus
1754 3166 1917 3228 bene
1950 3165 2106 3227 mul-

343 3269 422 3330 tis
449 3269 515 3331 in
543 3270 801 3332 ecclesia
830 3270 1128 3333 catholica
1176 3272 1584 3341 constitutam,
1627 3268 1737 3332 sed
1788 3272 1970 3331 etiam
2006 3268 2106 3350 (et

344 3370 597 3435 fortasse
613 3371 769 3436 ultra
785 3395 970 3457 quam
989 3372 1316 3458 vellemus)
1339 3374 1592 3436 diversis
1614 3371 1941 3456 rigidisque
1964 3390 2107 3454 poc-

349 3473 444 3534 nis
470 3476 890 3558 procuratam?
938 3476 1000 3539 Si
1031 3476 1182 3562 quid
1234 3477 1402 3562 apud
1448 3497 1562 3539 nos
1593 3486 1898 3560 peccatur,
1955 3468 2106 3531 nihil
