2534 4296
1848 446 1920 525 4¹
1936 446 1972 509 3

237 556 800 647 imprcboeacimpios,
839 567 894 617 ut
930 566 1018 618 aut
1052 554 1394 632 mundentur,
1423 557 1978 644 autjustasdmtpoe-

224 698 328 739 un.
356 673 471 739 Nos
494 669 870 733 contendimus
857 693 909 731 m
938 668 1217 754 hujusmodi
1236 671 1563 733 controversia
1590 671 1860 735 rationibus
1887 676 1979 736 ob-

222 774 431 841 adm
471 773 617 836 finisse
655 771 958 835 cbristianos.
986 772 1166 849 Quod
1206 773 1420 856 profecto
1447 794 1616 836 corum
1661 773 1796 858 apud
1823 774 1981 837 etbui-

219 899 304 943 ω
326 877 507 939 bonam
534 856 720 959 alioqui
748 897 942 937 cansam
971 875 1370 959 pessundedisset,
1400 877 1541 961 quasi
1575 873 1838 939 christiana
1866 899 1983 959 gens

221 997 370 1066 μι
396 980 597 1095 impiam
625 991 771 1062 atqoe
795 978 1177 1062 superstitiosam
1204 975 1281 1039 iili
1310 977 1584 1055 credebant,
1616 1000 1675 1042 cn
1718 977 1844 1042 salsa
1870 982 1982 1064 opi·

217 1082 369 1144 n’nnc
408 1081 617 1142 eximere
654 1103 757 1142 sese
793 1077 1023 1142 voluisset
1063 1079 1239 1142 debitis
1278 1082 1514 1166 impietati
1553 1078 1817 1166 suppliciis.
1865 1080 1982 1144 Sal-

218 1192 335 1259 tem,
363 1194 421 1245 ut
445 1184 652 1268 quisque
670 1180 934 1264 intelligere
961 1193 1134 1267 potest,
1162 1180 1373 1245 difficilis
1414 1181 1503 1246 illa
1531 1185 1751 1269 quaestio
1790 1182 1984 1247 difficile

221 1286 487 1370 composita
515 1284 695 1361 fuisoet,
727 1298 874 1369 atque
902 1286 1110 1360 iuterim,
1140 1284 1259 1347 dnm
1286 1297 1671 1371 componeretur,
1699 1285 1983 1348 debacchari
2032 1273 2037 1280 ’

219 1389 503 1473 paruisset
530 1386 864 1450 confidenter
852 1410 902 1448 ιιι
927 1386 1119 1450 Christi
1146 1409 1338 1481 gregem
1366 1407 1667 1473 paganorum
1697 1388 1848 1451 furor.
1882 1391 1985 1451 Re-

218 1490 536 1573 stabatergo,
565 1490 712 1552 utad
741 1491 951 1574 priorem
978 1490 1984 1575 Ἶυιωῑὴαηςιιεωιιιιειωῑενεηυω

221 1591 427 1656 ditium
461 1594 722 1675 agitatam,
750 1590 1111 1674 regrederentur
1153 1589 1402 1674 religionis
1439 1592 1732 1656 christianae
1773 1598 1986 1679 patroni,

222 1707 561 1779 amotoque
587 1694 872 1779 Phereponi
898 1691 1104 1757 consilio
1121 1742 1138 1771 ,
1163 1693 1258 1756 boc
1299 1692 1460 1757 solum
1491 1708 1721 1780 peterent,
1751 1696 1845 1760 boc
1872 1721 1989 1782 pro-

203 1797 411 1878 ducent,
438 1819 613 1881 nempe
638 1798 705 1859 ab
732 1798 995 1880 impietate,
1022 1810 1169 1881 atque
1205 1820 1235 1859 a
1275 1799 1615 1882 superstitione
1643 1801 1852 1861 nimium
1894 1802 1986 1862 ab·

224 1921 332 1963 en
354 1898 549 1962 Christi
569 1898 746 1970 fidem3
773 1900 976 1983 impium
1003 1912 1189 1974 contra,
1218 1912 1369 1983 atque
1395 1902 1783 1984 superstitiosum
1821 1926 1923 1965 oese
1943 1905 1987 1963 i-

225 1998 453 2064 dolom-
481 1999 681 2076 minim,
710 2014 856 2085 atque
884 2000 1103 2062 ethnicos
1128 2023 1223 2086 pro
1263 2002 1465 2063 veritate
1506 2004 1702 2065 minime
1742 2016 1883 2066 stare„
1927 2005 1987 2066 Si

226 2101 311 2166 hie
334 2103 595 2166 vincebant
619 2102 888 2178 christiani,
916 2126 975 2165 ex
1004 2104 1224 2187 ipsorum
1240 2102 1554 2183 ,ethnicorum
1582 2107 1819 2169 sententia
1853 2107 1990 2170 dive-

226 2204 378 2268 ndi
414 2202 628 2289 amplius
654 2228 758 2268 non
797 2212 1101 2278 eran't3non
1140 2207 1271 2267 enim
1312 2204 1443 2281 illos,
1489 2210 1671 2291 quise
1714 2211 1904 2292 pietatis
1941 2223 1991 2272 et

226 2308 442 2370 uitatis
458 2305 668 2369 cultores
695 2309 985 2392 probabant,
1014 2306 1266 2393 suppliciis
1303 2307 1597 2372 addicendos
1623 2311 1801 2373 ethnici
1829 2312 1993 2375 crede-

222 2409 360 2472 ΒΜ.
387 2410 464 2471 At
491 2408 588 2471 boc
615 2407 832 2472 sacileet
860 2408 995 2471 illico
1023 2423 1084 2492 et·
1099 2412 1279 2472 invicte
1316 2411 1567 2474 ostendere
1604 2425 1831 2497 poterant
1856 2415 1991 2476 cbri-

224 2513 373 2575 stimi
397 2511 479 2575 vel
502 2512 800 2598 Pbenepono
826 2513 1012 2598 judice:
1041 2526 1231 2575 tantum
1261 2516 1439 2576 eminet
1468 2538 1527 2579 ac
1550 2528 1686 2601 patet
1704 2540 1858 2602 supra
1882 2518 1993 2579 etb-

226 2616 447 2678 nicornm
470 2618 862 2702 superstitionem
882 2618 1061 2678 veritas
1090 2613 1338 2698 religionis
1361 2616 1662 2680 christianae.
1685 2619 1844 2695 Quod
1860 2618 1991 2680 chri-

226 2718 373 2779 stiani
400 2703 590 2780 tantum
616 2741 726 2780 sero
753 2718 1059 2803 profecerint,
1103 2742 1213 2781 sero
1247 2722 1498 2782 saevitiam
1534 2733 1855 2803 tyrannorum
1877 2746 1991 2784 eva-

227 2822 406 2884 serint:
434 2844 537 2882 non
564 2845 681 2886 suae
707 2845 879 2884 musae
899 2821 1186 2898 infirmitati,
1213 2845 1321 2885 non
1343 2836 1509 2909 spreto
1526 2822 1815 2909 Pberoponi
1831 2829 1992 2887 consi-

228 2922 316 2999 lio,
341 2925 671 3000 tribnffldnm,
698 2925 783 2986 sed
813 2925 1128 3010 impotentiae
1152 2939 1202 2988 et
1235 2927 1455 2988 caecitati
1494 2926 1815 3003 ethnicorum,
1845 2952 1993 3013 quam

82 3047 85 3050 ·
226 3026 560 3112 bicpiuribus
577 3027 844 3090 describere
870 3051 975 3090 uon
992 3041 1148 3090 vamt.
1178 3029 1299 3091 Non
1329 3051 1460 3111 ergo,
1483 3043 1540 3091 nt
1559 3029 1886 3115 Phereponus
1908 3054 1996 3092 au-

228 3142 402 3206 unat,
425 3154 565 3193 arma
592 3133 646 3192 in
673 3133 955 3215 semetipsos
980 3131 1235 3193 christiani
1273 3131 1649 3216 suppeditabant
1691 3132 1994 3195 ethnicorum

228 3227 515 3306 «detinni,
543 3230 663 3293 dum
690 3231 992 3307 sentiebant,
1031 3229 1177 3295 liceoe
1201 3234 1427 3318 persequi
1448 3234 1626 3316 impios
1635 3258 1655 3304 ;
1698 3257 1814 3294 nam
1843 3257 1994 3317 quum

231 3353 287 3394 se
305 3333 487 3418 inpios
510 3356 613 3396 non
632 3357 736 3396 esse
762 3358 791 3395 e
819 3336 1021 3416 vestigio
1066 3347 1117 3396 et
1142 3334 1390 3397 evidenter
1422 3335 1742 3409 ostendant,
1773 3335 1916 3396 simul
1946 3358 1997 3394 e-

234 3432 357 3494 tiam
377 3436 739 3519 pncqnutioni
766 3435 1057 3497 modoserat
1076 3433 1209 3498 illico
1237 3435 1499 3499 faciendus.
1523 3437 1884 3497 Ministrassent
1902 3458 1995 3516 po-

234 3535 333 3595 tius
358 3536 595 3598 ratioeem
621 3550 854 3620 perpetuo
881 3538 1142 3611 saeviendi,
1171 3540 1213 3599 si
1241 3538 1412 3624 (quod
1451 3537 1775 3620 Pbereponus
1814 3559 1897 3596 eos
1927 3535 1996 3595 se·
