2534 4296
532 415 662 493 304

529 531 713 614 phicae‚
742 533 809 593 ita
850 554 958 593 cum
1000 528 1351 616 philosophicis
1395 527 1691 613 theologicae
1732 553 1897 593 revera
1938 553 2153 614 pugnare
2191 540 2295 594 nun¹

526 647 745 717 possunt.
777 634 1116 712 Quamobrem
1144 644 1246 693 tam
1275 655 1335 694 ex
1365 632 1444 695 his
1471 630 1604 709 illae,
1649 656 1800 719 qnam
1827 656 1887 695 ex
1935 632 2035 696 illis
2063 636 2184 695 istae
2213 631 2301 694 ln-

523 758 627 798 cem
656 750 827 799 mutuo
854 737 1112 820 accipiunt,
1142 748 1190 796 et
1220 747 1349 797 oet-ta
1379 736 1570 798 inoertis
1593 735 1716 797 dant
1743 733 1912 818 legem,
1931 748 1987 797 ut
2012 738 2056 798 si
2085 732 2295 819 exetnpli

522 861 667 902 causa
693 837 883 923 aliquid
913 841 962 900 in
993 838 1192 923 physica
1219 850 1404 901 certum
1431 840 1511 915 sit,
1542 838 1656 901 in'de
1686 841 1868 900 ineerta
1895 860 2145 901 sacrarum
2171 840 2295 900 scri-

522 955 776 1026 pturarum
806 943 951 1027 verba
982 943 1083 1002 sint
1126 938 1430 1026 explicanda,
1457 953 1510 1022 et
1527 953 1704 1004 conu'a
1729 941 1873 1011 certis
1914 939 2197 1003 divinornm
2223 938 2293 1002 li·-

521 1044 719 1106 hrorum
750 1044 996 1107 sententiis
1027 1045 1207 1105 incerta
1235 1042 1466 1128 physicae
1491 1039 1782 1107 &manta
1800 1064 1855 1106 se
1873 1040 2183 1105 conformare
2205 1041 2296 1105 de-

521 1148 679 1209 beant.
711 1149 773 1208 In
804 1146 895 1208 hac
923 1159 1084 1208 autem
1099 1146 1602 1232 controversiastatim
1614 1146 1837 1219 occurrit,
1859 1146 1959 1228 jam
1985 1155 2201 1228 spectare
2225 1144 2294 1207 ad

520 1248 680 1325 sidem,
707 1251 1116 1333 certissimumque
1142 1271 1244 1311 esse
1271 1247 1446 1310 dehere
1490 1250 1615 1309 inter
1656 1244 1939 1321 catholicos,
1967 1247 2294 1310 substaffla-

520 1354 664 1437 panis
701 1366 747 1415 et
790 1354 892 1413 vini
936 1354 987 1414 iu
1026 1354 1342 1415 Sacramento
1382 1349 1576 1413 Altaris
1613 1351 1829 1412 converti
1871 1351 1925 1410 in
1970 1348 2295 1413 snbstantia-

522 1457 767 1540 Corporis
792 1467 840 1517 et
868 1455 1135 1538 Sanguinis
1166 1454 1376 1526 Christi,
1405 1454 1802 1539 permanentibus
1830 1466 1996 1514 tamen
2024 1474 2084 1514 ac
2111 1451 2295 1537 pedu-

519 1559 739 1621 rantihus
766 1561 821 1620 in
852 1558 1170 1621 Sacramento
1196 1558 1417 1641 pristinis
1442 1556 1691 1641 speciebm
1730 1557 1875 1641 μή
1898 1577 1960 1617 ac
1987 1556 2111 1632 n'ni,
2140 1556 2211 1618 ita
2238 1567 2298 1617 nt

519 1663 730 1723 externis
756 1661 976 1724 sensibus
1001 1658 1142 1722 nulla
1170 1658 1273 1721 illic
1300 1672 1535 1745 appareat
1573 1659 1715 1745 sacta·
1739 1658 2040 1721 substantiae
2063 1660 2293 1733 nuntio,

519 1775 666 1847 atque
693 1785 795 1823 non
823 1759 1038 1846 amplius
1064 1763 1144 1836 sit,
1175 1785 1333 1845 neque
1360 1759 1602 1846 appellari
1647 1762 1848 1846 proprie
1875 1763 2035 1846 possit
2057 1762 2219 1846 panis,
2244 1773 2296 1823 et

520 1865 705 1935 vinum,
737 1863 872 1948 qnod
900 1877 1014 1925 ante
1033 1865 1443 1925 consecrationem
1472 1864 1617 1947 panis
1643 1876 1694 1924 et
1713 1865 1884 1924 vinnm
1904 1863 2105 1948 proprie
2119 1861 2295 1925 fird-

520 1966 700 2042 Quum
727 1987 844 2048 ergo
871 1965 1191 2039 verissimum,
1219 1965 1634 2050 certissimumque
1661 1963 1756 2027 hoc
1786 1966 1851 2027 sit
1880 1966 1932 2026 in
1963 1963 2076 2029 fidei
2103 1961 2298 2027 theolo-

517 2072 612 2150 gia,
642 2068 696 2130 id
723 2091 922 2154 quoque
950 2069 1003 2129 in
1031 2066 1348 2153 philosophia
1375 2090 1543 2130 verum
1573 2081 1855 2153 certumque
1886 2069 1953 2130 sit
1980 2090 2171 2131 nme
2201 2079 2292 2144 eet,

518 2185 567 2233 et
595 2170 790 2233 fallacia
821 2170 1120 2233 laborabunt
1147 2194 1480 2256 quaecumque
1506 2169 1805 2246 verisimiles,
1825 2172 2297 2255 ingeniosaeqnera-

521 2278 676 2337 tiones
716 2299 747 2337 a
774 2272 1074 2361 philosopho
1108 2277 1439 2357 excogitentur
1476 2289 1645 2337 eontra
1684 2275 2023 2337 firmissimum·
2059 2272 2155 2336 hot
2181 2273 2297 2336 fidei

519 2378 876 2439 documentum.
922 2378 1194 2461 Propterea
1224 2400 1277 2438 se
1320 2399 1424 2438 rem
1467 2400 1571 2439 non
1614 2377 1846 2452 inficiari,
1876 2400 1930 2439 se
1956 2399 2062 2438 rem
2087 2375 2296 2451 credet,

523 2481 801 2542 Cartesiani
831 2477 1068 2541 catholici·
1086 2480 1265 2566 ubique
1293 2482 1449 2564 ajunt.
1475 2478 1687 2541 Modum
1707 2478 2051 2542 tantummodo
2069 2501 2172 2564 quo
2200 2477 2294 2541 hn-

520 2582 731 2667 jusmodi
763 2582 1037 2668 prodigium
1068 2582 1170 2657 liat,
1198 2594 1247 2645 et
1274 2582 1526 2667 quomodo
1553 2594 1749 2668 pereat,
1794 2583 1988 2645 intactis
2029 2581 2294 2667 sperabas,

519 2685 661 2768 panis
689 2707 746 2745 ac
776 2685 880 2745 vini
907 2684 1198 2760 substantia,
1240 2683 1308 2745 ab
1332 2680 1528 2745 eeclesia
1558 2685 1756 2746 minime
1784 2684 1931 2747 subse
1958 2684 2293 2760 constitutum,

518 2786 762 2848 affirmare
789 2811 841 2848 se
870 2809 1011 2871 posse
1039 2787 1342 2849 arbitrantur
1369 2788 1474 2848 sine
1504 2788 1682 2870 injuria
1710 2784 1997 2870 theologiae.
2024 2787 2294 2849 'Pu-ner·

522 2890 599 2951 vis
629 2890 860 2951 omnibus
887 2889 1187 2952 contendunt
1217 2903 1274 2951 ut
1300 2889 1576 2964 ostendant,
1605 2887 1732 2952 nihil
1762 2889 1979 2972 dogmati
2007 2889 2120 2952 fibi
2145 2911 2295 2974 repn-

518 3015 666 3074 gnare
695 3005 939 3065 naturam,
970 3015 1027 3052 ac
1048 2993 1302 3054 essentiam
1332 3014 1610 3077 corporum,
1638 3015 1788 3076 quam
1817 2991 2034 3068 tradunt,
2061 3014 2297 3077 suamque

518 3095 801 3180 opinionem
830 3092 1075 3158 conciliari
1120 3118 1261 3180 posse
1301 3118 1412 3158 cum
1454 3092 1678 3157 ecclcsiae
1714 3094 1930 3157 decretis.
1974 3093 2167 3157 Utrum
2217 3095 2298 3157 isti

520 3220 750 3273 vera,⁴an
782 3197 971 3259 somnia
1002 3197 1144 3259 nohis
1172 3210 1404 3272 narrent,
1452 3199 1538 3282 qui
1582 3196 1793 3280 jnffloerc
1833 3196 2096 3282 prudenter
2122 3198 2299 3282 mpiat.

519 3323 705 3363 neeesse
734 3313 805 3362 cst
843 3301 895 3361 in
930 3299 1102 3384 primis
1130 3312 1184 3361 ut
1222 3297 1409 3363 solicite
1452 3301 1666 3381 vestiget,
1697 3297 1951 3381 intelligat,
1978 3312 2028 3362 et
2055 3298 2299 3385 expendat

519 3403 845 3466 Cartoeianae
886 3402 1150 3465 oententiae
1179 3403 1406 3477 rationes,
1438 3414 1541 3464 tum
1574 3403 1848 3488 perspiciat,
1878 3424 1944 3464 an
1975 3403 2047 3464 nti
2076 3423 2196 3479 rem,
2224 3403 2292 3464 ita

523 3505 726 3569 modum
755 3503 953 3569 ccclesia
981 3527 1177 3590 qnoque
1204 3506 1440 3570 statoerit.
1474 3506 1532 3566 Si
1564 3507 1693 3567 mim
1727 3527 1839 3567 vera
1884 3519 1933 3568 ct
1961 3516 2090 3568 oerta
2119 3503 2294 3591 depre-
