<?xml version="1.0" encoding="UTF-8"?>
<!DOCTYPE html PUBLIC "-//W3C//DTD XHTML 1.0 Transitional//EN"
    "http://www.w3.org/TR/xhtml1/DTD/xhtml1-transitional.dtd">
<html xmlns="http://www.w3.org/1999/xhtml" xml:lang="en" lang="en">
 <head>
  <title>
</title>
<meta http-equiv="Content-Type" content="text/html;charset=utf-8" />
  <meta name='ocr-system' content='tesseract 3.04.00' />
  <meta name='ocr-capabilities' content='ocr_page ocr_carea ocr_par ocr_line ocrx_word'/>
</head>
<body>
  <div class='ocr_page' id='page_1' title='image "./lamindipritaniid00murauoft_0371.png"; bbox 0 0 2534 4296; ppageno 0'>
   <div class='ocr_carea' id='block_1_1' title="bbox 174 433 2014 3283">
    <p class='ocr_par' dir='ltr' id='par_1_1' title="bbox 174 433 1992 1832">
     <span class='ocr_line' id='line_1_1' title="bbox 1860 433 1985 515; baseline 0.04 -5"><span class='ocrx_word' id='word_1_1' title='bbox 1860 433 1985 515; x_wconf 67' lang='lat'><strong>349</strong></span> 
     </span>
     <span class='ocr_line' id='line_1_2' title="bbox 234 543 1989 628; baseline -0.002 -17"><span class='ocrx_word' id='word_1_2' title='bbox 234 553 437 620; x_wconf 57' lang='lat' dir='ltr'><strong>maid,</strong></span> <span class='ocrx_word' id='word_1_3' title='bbox 476 567 635 628; x_wconf 76' lang='lat' dir='ltr'><strong>quam</strong></span> <span class='ocrx_word' id='word_1_4' title='bbox 669 548 770 605; x_wconf 76' lang='lat' dir='ltr'><strong>cilo</strong></span> <span class='ocrx_word' id='word_1_5' title='bbox 789 566 895 622; x_wconf 81' lang='lat' dir='ltr'><strong>pm</strong></span> <span class='ocrx_word' id='word_1_6' title='bbox 935 555 1147 605; x_wconf 76' lang='lat' dir='ltr'><em>nocente</em></span> <span class='ocrx_word' id='word_1_7' title='bbox 1188 545 1460 605; x_wconf 79' lang='lat' dir='ltr'><strong>damnare.</strong></span> <span class='ocrx_word' id='word_1_8' title='bbox 1509 543 1666 619; x_wconf 90' lang='lat' dir='ltr'><strong>Quod</strong></span> <span class='ocrx_word' id='word_1_9' title='bbox 1713 545 1989 627; x_wconf 78' lang='lat' dir='ltr'><strong>praeclaris-</strong></span> 
     </span>
     <span class='ocr_line' id='line_1_3' title="bbox 233 644 1988 731; baseline -0.002 -19"><span class='ocrx_word' id='word_1_10' title='bbox 233 645 443 713; x_wconf 65' lang='lat' dir='ltr'><strong>oi-iffli</strong></span> <span class='ocrx_word' id='word_1_11' title='bbox 468 645 718 731; x_wconf 79' lang='lat' dir='ltr'><strong>pontifices</strong></span> <span class='ocrx_word' id='word_1_12' title='bbox 745 667 988 720; x_wconf 84' lang='lat' dir='ltr'><strong>monuere,</strong></span> <span class='ocrx_word' id='word_1_13' title='bbox 1011 657 1210 707; x_wconf 89' lang='lat' dir='ltr'><strong>monent</strong></span> <span class='ocrx_word' id='word_1_14' title='bbox 1256 644 1431 720; x_wconf 84' lang='lat' dir='ltr'><strong>adhuc,</strong></span> <span class='ocrx_word' id='word_1_15' title='bbox 1473 658 1522 706; x_wconf 89' lang='lat' dir='ltr'><strong>et</strong></span> <span class='ocrx_word' id='word_1_16' title='bbox 1560 656 1734 729; x_wconf 84' lang='lat' dir='ltr'><strong>optant</strong></span> <span class='ocrx_word' id='word_1_17' title='bbox 1773 648 1988 728; x_wconf 87' lang='lat' dir='ltr'><strong>quotidie</strong></span> 
     </span>
     <span class='ocr_line' id='line_1_4' title="bbox 233 742 1987 832; baseline -0.002 -19"><span class='ocrx_word' id='word_1_18' title='bbox 233 742 429 819; x_wconf 61' lang='lat' dir='ltr'><strong>ib.»</strong></span> <span class='ocrx_word' id='word_1_19' title='bbox 455 770 760 811; x_wconf 64' lang='lat' dir='ltr'><strong>&amp;meotes-</strong></span> <span class='ocrx_word' id='word_1_20' title='bbox 790 748 1006 823; x_wconf 85' lang='lat' dir='ltr'><strong>Votum,</strong></span> <span class='ocrx_word' id='word_1_21' title='bbox 1028 749 1252 832; x_wconf 80' lang='lat' dir='ltr'><strong>inquam,</strong></span> <span class='ocrx_word' id='word_1_22' title='bbox 1273 760 1345 808; x_wconf 66' lang='lat' dir='ltr'><strong>est</strong></span> <span class='ocrx_word' id='word_1_23' title='bbox 1376 747 1551 810; x_wconf 87' lang='lat' dir='ltr'><strong>horum</strong></span> <span class='ocrx_word' id='word_1_24' title='bbox 1579 769 1799 832; x_wconf 87' lang='lat' dir='ltr'><strong>quoque,</strong></span> <span class='ocrx_word' id='word_1_25' title='bbox 1827 762 1882 808; x_wconf 91' lang='lat' dir='ltr'><strong>ut</strong></span> <span class='ocrx_word' id='word_1_26' title='bbox 1911 750 1987 809; x_wconf 88' lang='lat' dir='ltr'><strong>in·</strong></span> 
     </span>
     <span class='ocr_line' id='line_1_5' title="bbox 231 846 1986 936; baseline -0.002 -21"><span class='ocrx_word' id='word_1_27' title='bbox 231 847 855 936; x_wconf 61' lang='lat' dir='ltr'><strong>ffluoe‘jndioes,&#39;atque</strong></span> <span class='ocrx_word' id='word_1_28' title='bbox 892 851 1099 911; x_wconf 87' lang='lat' dir='ltr'><strong>ministri</strong></span> <span class='ocrx_word' id='word_1_29' title='bbox 1117 898 1132 924; x_wconf 92' lang='lat'><strong>,</strong></span> <span class='ocrx_word' id='word_1_30' title='bbox 1177 861 1438 934; x_wconf 79' lang='lat' dir='ltr'><strong>antequam</strong></span> <span class='ocrx_word' id='word_1_31' title='bbox 1481 848 1653 911; x_wconf 82' lang='lat' dir='ltr'><strong>durius</strong></span> <span class='ocrx_word' id='word_1_32' title='bbox 1701 846 1891 933; x_wconf 87' lang='lat' dir='ltr'><strong>aliquid</strong></span> <span class='ocrx_word' id='word_1_33' title='bbox 1938 853 1986 911; x_wconf 91' lang='lat' dir='ltr'><strong>iu</strong></span> 
     </span>
     <span class='ocr_line' id='line_1_6' title="bbox 227 947 1986 1035; baseline -0.002 -17"><span class='ocrx_word' id='word_1_34' title='bbox 227 947 380 1018; x_wconf 52' lang='lat' dir='ltr'><strong>*os</strong></span> <span class='ocrx_word' id='word_1_35' title='bbox 404 974 633 1014; x_wconf 77' lang='lat' dir='ltr'><strong>eorumve</strong></span> <span class='ocrx_word' id='word_1_36' title='bbox 660 964 878 1014; x_wconf 77' lang='lat' dir='ltr'><strong>auctores</strong></span> <span class='ocrx_word' id='word_1_37' title='bbox 905 963 1136 1025; x_wconf 74' lang='lat' dir='ltr'><strong>statuant,</strong></span> <span class='ocrx_word' id='word_1_38' title='bbox 1170 953 1342 1014; x_wconf 73' lang='lat' dir='ltr'><strong>itu-um</strong></span> <span class='ocrx_word' id='word_1_39' title='bbox 1372 954 1640 1035; x_wconf 79' lang='lat' dir='ltr'><strong>iterumque</strong></span> <span class='ocrx_word' id='word_1_40' title='bbox 1666 953 1893 1032; x_wconf 78' lang='lat' dir='ltr'><strong>cogitent,</strong></span> <span class='ocrx_word' id='word_1_41' title='bbox 1921 976 1986 1014; x_wconf 88' lang='lat' dir='ltr'><strong>an</strong></span> 
     </span>
     <span class='ocr_line' id='line_1_7' title="bbox 223 1053 1987 1139; baseline -0.002 -20"><span class='ocrx_word' id='word_1_42' title='bbox 223 1053 435 1129; x_wconf 62' lang='lat' dir='ltr'><strong>defendi,</strong></span> <span class='ocrx_word' id='word_1_43' title='bbox 462 1076 528 1116; x_wconf 83' lang='lat' dir='ltr'><strong>an</strong></span> <span class='ocrx_word' id='word_1_44' title='bbox 556 1056 781 1116; x_wconf 66' lang='lat' dir='ltr'><strong>sttstinoei</strong></span> <span class='ocrx_word' id='word_1_45' title='bbox 810 1055 975 1139; x_wconf 90' lang='lat' dir='ltr'><strong>potius</strong></span> <span class='ocrx_word' id='word_1_46' title='bbox 1002 1056 1207 1137; x_wconf 79' lang='lat' dir='ltr'><strong>possint,</strong></span> <span class='ocrx_word' id='word_1_47' title='bbox 1239 1078 1387 1139; x_wconf 89' lang='lat' dir='ltr'><strong>quam</strong></span> <span class='ocrx_word' id='word_1_48' title='bbox 1428 1054 1667 1116; x_wconf 87' lang='lat' dir='ltr'><strong>damnari.</strong></span> <span class='ocrx_word' id='word_1_49' title='bbox 1699 1055 1987 1131; x_wconf 86' lang='lat' dir='ltr'><strong>Caritatem,</strong></span> 
     </span>
     <span class='ocr_line' id='line_1_8' title="bbox 222 1137 1988 1242; baseline -0.002 -23"><span class='ocrx_word' id='word_1_50' title='bbox 222 1157 456 1242; x_wconf 58' lang='lat' dir='ltr'><strong>‘pu&#39;tiatn</strong></span> <span class='ocrx_word' id='word_1_51' title='bbox 484 1169 533 1219; x_wconf 82' lang='lat' dir='ltr'><strong>et</strong></span> <span class='ocrx_word' id='word_1_52' title='bbox 561 1137 870 1242; x_wconf 69' lang='lat' dir='ltr'><strong>prudentiam</strong></span> <span class='ocrx_word' id='word_1_53' title='bbox 900 1156 1127 1217; x_wconf 79' lang='lat' dir='ltr'><strong>omnibns</strong></span> <span class='ocrx_word' id='word_1_54' title='bbox 1157 1168 1205 1217; x_wconf 90' lang='lat' dir='ltr'><strong>et</strong></span> <span class='ocrx_word' id='word_1_55' title='bbox 1236 1157 1314 1216; x_wconf 88' lang='lat' dir='ltr'><strong>isti</strong></span> <span class='ocrx_word' id='word_1_56' title='bbox 1353 1155 1710 1231; x_wconf 80' lang='lat' dir='ltr'><strong>commendant,</strong></span> <span class='ocrx_word' id='word_1_57' title='bbox 1738 1178 1802 1218; x_wconf 87' lang='lat' dir='ltr'><strong>ne</strong></span> <span class='ocrx_word' id='word_1_58' title='bbox 1831 1154 1988 1238; x_wconf 75' lang='lat' dir='ltr'><strong>legiti-</strong></span> 
     </span>
     <span class='ocr_line' id='line_1_9' title="bbox 223 1256 1991 1343; baseline -0.001 -22"><span class='ocrx_word' id='word_1_59' title='bbox 223 1278 305 1321; x_wconf 65' lang='lat' dir='ltr'><strong>ma</strong></span> <span class='ocrx_word' id='word_1_60' title='bbox 331 1260 613 1323; x_wconf 70' lang='lat' dir='ltr'><strong>nnuntime</strong></span> <span class='ocrx_word' id='word_1_61' title='bbox 637 1261 894 1343; x_wconf 90' lang='lat' dir='ltr'><strong>quisquam</strong></span> <span class='ocrx_word' id='word_1_62' title='bbox 935 1256 1197 1340; x_wconf 76' lang='lat' dir='ltr'><strong>illegitime,</strong></span> <span class='ocrx_word' id='word_1_63' title='bbox 1229 1257 1323 1320; x_wconf 85' lang='lat' dir='ltr'><strong>hoc</strong></span> <span class='ocrx_word' id='word_1_64' title='bbox 1342 1271 1415 1321; x_wconf 86' lang='lat' dir='ltr'><strong>est</strong></span> <span class='ocrx_word' id='word_1_65' title='bbox 1443 1271 1609 1320; x_wconf 86' lang='lat' dir='ltr'><strong>contra</strong></span> <span class='ocrx_word' id='word_1_66' title='bbox 1638 1261 1716 1342; x_wconf 85' lang='lat' dir='ltr'><strong>jus</strong></span> <span class='ocrx_word' id='word_1_67' title='bbox 1738 1258 1905 1342; x_wconf 64' lang='lat' dir='ltr'><strong>fiasque</strong></span> <span class='ocrx_word' id='word_1_68' title='bbox 1933 1283 1991 1319; x_wconf 91' lang='lat' dir='ltr'><strong>u·</strong></span> 
     </span>
     <span class='ocr_line' id='line_1_10' title="bbox 174 1359 1992 1446; baseline -0.001 -22"><span class='ocrx_word' id='word_1_69' title='bbox 174 1403 185 1414; x_wconf 86' lang='lat'><strong>·</strong></span> <span class='ocrx_word' id='word_1_70' title='bbox 226 1373 372 1424; x_wconf 73' lang='lat' dir='ltr'><strong>tatur.</strong></span> <span class='ocrx_word' id='word_1_71' title='bbox 405 1362 463 1424; x_wconf 88' lang='lat' dir='ltr'><strong>si</strong></span> <span class='ocrx_word' id='word_1_72' title='bbox 493 1363 603 1446; x_wconf 85' lang='lat' dir='ltr'><strong>quis</strong></span> <span class='ocrx_word' id='word_1_73' title='bbox 632 1362 864 1436; x_wconf 81' lang='lat' dir='ltr'><strong>abutitur,</strong></span> <span class='ocrx_word' id='word_1_74' title='bbox 896 1383 993 1423; x_wconf 91' lang='lat' dir='ltr'><strong>non</strong></span> <span class='ocrx_word' id='word_1_75' title='bbox 1025 1383 1254 1425; x_wconf 85' lang='lat' dir='ltr'><strong>romanae</strong></span> <span class='ocrx_word' id='word_1_76' title='bbox 1282 1360 1477 1446; x_wconf 86' lang='lat' dir='ltr'><strong>quidem</strong></span> <span class='ocrx_word' id='word_1_77' title='bbox 1504 1359 1648 1435; x_wconf 81' lang='lat' dir='ltr'><strong>sedis,</strong></span> <span class='ocrx_word' id='word_1_78' title='bbox 1677 1383 1778 1423; x_wconf 91' lang='lat' dir='ltr'><strong>non</strong></span> <span class='ocrx_word' id='word_1_79' title='bbox 1809 1362 1992 1446; x_wconf 80' lang='lat' dir='ltr'><strong>episco-</strong></span> 
     </span>
     <span class='ocr_line' id='line_1_11' title="bbox 224 1461 1990 1550; baseline -0.001 -24"><span class='ocrx_word' id='word_1_80' title='bbox 224 1483 417 1550; x_wconf 69' lang='lat' dir='ltr'><strong>porum,</strong></span> <span class='ocrx_word' id='word_1_81' title='bbox 446 1486 546 1526; x_wconf 91' lang='lat' dir='ltr'><strong>non</strong></span> <span class='ocrx_word' id='word_1_82' title='bbox 576 1465 862 1525; x_wconf 80' lang='lat' dir='ltr'><strong>sanctissimi</strong></span> <span class='ocrx_word' id='word_1_83' title='bbox 892 1465 1099 1525; x_wconf 87' lang='lat' dir='ltr'><strong>instituti</strong></span> <span class='ocrx_word' id='word_1_84' title='bbox 1136 1461 1280 1547; x_wconf 88' lang='lat' dir='ltr'><strong>culpa</strong></span> <span class='ocrx_word' id='word_1_85' title='bbox 1309 1476 1408 1539; x_wconf 84' lang='lat' dir='ltr'><strong>est,</strong></span> <span class='ocrx_word' id='word_1_86' title='bbox 1437 1462 1523 1524; x_wconf 85' lang='lat' dir='ltr'><strong>sed</strong></span> <span class='ocrx_word' id='word_1_87' title='bbox 1553 1486 1738 1539; x_wconf 87' lang='lat' dir='ltr'><strong>eorum,</strong></span> <span class='ocrx_word' id='word_1_88' title='bbox 1767 1465 1854 1548; x_wconf 85' lang='lat' dir='ltr'><strong>qui</strong></span> <span class='ocrx_word' id='word_1_89' title='bbox 1876 1486 1990 1524; x_wconf 92' lang='lat' dir='ltr'><strong>san-</strong></span> 
     </span>
     <span class='ocr_line' id='line_1_12' title="bbox 224 1562 1987 1649; baseline 0 -22"><span class='ocrx_word' id='word_1_90' title='bbox 224 1564 447 1627; x_wconf 66' lang='lat' dir='ltr'><strong>uit-inus</strong></span> <span class='ocrx_word' id='word_1_91' title='bbox 472 1563 656 1646; x_wconf 73' lang='lat' dir='ltr'><strong>tegibus</strong></span> <span class='ocrx_word' id='word_1_92' title='bbox 672 1564 940 1627; x_wconf 86' lang='lat' dir='ltr'><strong>abutuntur</strong></span> <span class='ocrx_word' id='word_1_93' title='bbox 967 1565 1020 1625; x_wconf 89' lang='lat' dir='ltr'><strong>in</strong></span> <span class='ocrx_word' id='word_1_94' title='bbox 1050 1563 1408 1625; x_wconf 79' lang='lat' dir='ltr'><strong>incommodum</strong></span> <span class='ocrx_word' id='word_1_95' title='bbox 1440 1578 1490 1626; x_wconf 89' lang='lat' dir='ltr'><strong>et</strong></span> <span class='ocrx_word' id='word_1_96' title='bbox 1530 1562 1854 1626; x_wconf 66' lang='lat' dir='ltr'><strong>calamitatem</strong></span> <span class='ocrx_word' id='word_1_97' title='bbox 1885 1567 1987 1649; x_wconf 88' lang='lat' dir='ltr'><strong>pri-</strong></span> 
     </span>
     <span class='ocr_line' id='line_1_13' title="bbox 223 1664 1990 1752; baseline 0.002 -28"><span class='ocrx_word' id='word_1_98' title='bbox 223 1678 469 1741; x_wconf 73' lang='lat' dir='ltr'><strong>vatorum,</strong></span> <span class='ocrx_word' id='word_1_99' title='bbox 485 1689 633 1751; x_wconf 85' lang='lat' dir='ltr'><strong>seque</strong></span> <span class='ocrx_word' id='word_1_100' title='bbox 649 1666 900 1741; x_wconf 87' lang='lat' dir='ltr'><strong>damnant,</strong></span> <span class='ocrx_word' id='word_1_101' title='bbox 930 1665 1050 1728; x_wconf 91' lang='lat' dir='ltr'><strong>dum</strong></span> <span class='ocrx_word' id='word_1_102' title='bbox 1078 1664 1203 1729; x_wconf 87' lang='lat' dir='ltr'><strong>alios</strong></span> <span class='ocrx_word' id='word_1_103' title='bbox 1231 1668 1409 1750; x_wconf 82' lang='lat' dir='ltr'><strong>injuste</strong></span> <span class='ocrx_word' id='word_1_104' title='bbox 1430 1667 1672 1750; x_wconf 82' lang='lat' dir='ltr'><strong>affligunt,</strong></span> <span class='ocrx_word' id='word_1_105' title='bbox 1701 1680 1848 1752; x_wconf 86' lang='lat' dir='ltr'><strong>atque</strong></span> <span class='ocrx_word' id='word_1_106' title='bbox 1873 1690 1990 1729; x_wconf 87' lang='lat' dir='ltr'><strong>con·</strong></span> 
     </span>
     <span class='ocr_line' id='line_1_14' title="bbox 224 1766 575 1832; baseline 0.011 -4"><span class='ocrx_word' id='word_1_107' title='bbox 224 1766 471 1830; x_wconf 77' lang='lat' dir='ltr'><strong>demnant.</strong></span> <span class='ocrx_word' id='word_1_108' title='bbox 568 1816 575 1832; x_wconf 84' lang='lat'>.</span> 
     </span>
    </p>

    <p class='ocr_par' dir='ltr' id='par_1_2' title="bbox 188 1867 2014 3283">
     <span class='ocr_line' id='line_1_15' title="bbox 316 1867 1989 1953; baseline 0.001 -23"><span class='ocrx_word' id='word_1_109' title='bbox 316 1869 550 1931; x_wconf 71' lang='lat' dir='ltr'><strong>Ceto-nm</strong></span> <span class='ocrx_word' id='word_1_110' title='bbox 577 1892 679 1931; x_wconf 89' lang='lat' dir='ltr'><strong>non</strong></span> <span class='ocrx_word' id='word_1_111' title='bbox 707 1882 809 1931; x_wconf 89' lang='lat' dir='ltr'><strong>tatn</strong></span> <span class='ocrx_word' id='word_1_112' title='bbox 839 1867 980 1930; x_wconf 79' lang='lat' dir='ltr'><strong>facile</strong></span> <span class='ocrx_word' id='word_1_113' title='bbox 1010 1869 1090 1930; x_wconf 84' lang='lat' dir='ltr'><strong>hic</strong></span> <span class='ocrx_word' id='word_1_114' title='bbox 1117 1894 1150 1931; x_wconf 91' lang='lat' dir='ltr'><strong>a</strong></span> <span class='ocrx_word' id='word_1_115' title='bbox 1175 1867 1431 1931; x_wconf 86' lang='lat' dir='ltr'><strong>nonnullis</strong></span> <span class='ocrx_word' id='word_1_116' title='bbox 1446 1882 1734 1953; x_wconf 85' lang='lat' dir='ltr'><strong>peoearetur,</strong></span> <span class='ocrx_word' id='word_1_117' title='bbox 1765 1871 1848 1931; x_wconf 88' lang='lat' dir='ltr'><strong>nbi</strong></span> <span class='ocrx_word' id='word_1_118' title='bbox 1879 1872 1989 1931; x_wconf 86' lang='lat' dir='ltr'><strong>ani-</strong></span> 
     </span>
     <span class='ocr_line' id='line_1_16' title="bbox 228 1970 1988 2056; baseline 0 -23"><span class='ocrx_word' id='word_1_119' title='bbox 228 1993 362 2033; x_wconf 82' lang='lat' dir='ltr'><strong>mum</strong></span> <span class='ocrx_word' id='word_1_120' title='bbox 390 1970 690 2034; x_wconf 70' lang='lat' dir='ltr'><strong>adverterent</strong></span> <span class='ocrx_word' id='word_1_121' title='bbox 710 1971 774 2033; x_wconf 92' lang='lat' dir='ltr'><strong>ad</strong></span> <span class='ocrx_word' id='word_1_122' title='bbox 802 1973 1083 2053; x_wconf 78' lang='lat' dir='ltr'><strong>gravissima</strong></span> <span class='ocrx_word' id='word_1_123' title='bbox 1110 1985 1159 2033; x_wconf 84' lang='lat' dir='ltr'><strong>et</strong></span> <span class='ocrx_word' id='word_1_124' title='bbox 1186 1972 1353 2034; x_wconf 81' lang='lat' dir='ltr'><strong>crebra</strong></span> <span class='ocrx_word' id='word_1_125' title='bbox 1382 1970 1528 2046; x_wconf 88' lang='lat' dir='ltr'><strong>mala,</strong></span> <span class='ocrx_word' id='word_1_126' title='bbox 1540 1995 1665 2055; x_wconf 87' lang='lat' dir='ltr'><strong>quae</strong></span> <span class='ocrx_word' id='word_1_127' title='bbox 1684 1995 1988 2056; x_wconf 81' lang='lat' dir='ltr'><strong>consequun-</strong></span> 
     </span>
     <span class='ocr_line' id='line_1_17' title="bbox 228 2072 1990 2159; baseline -0.001 -22"><span class='ocrx_word' id='word_1_128' title='bbox 228 2088 309 2137; x_wconf 82' lang='lat' dir='ltr'><strong>tur</strong></span> <span class='ocrx_word' id='word_1_129' title='bbox 337 2075 576 2136; x_wconf 69' lang='lat' dir='ltr'><strong>immerito</strong></span> <span class='ocrx_word' id='word_1_130' title='bbox 606 2074 979 2148; x_wconf 65' lang='lat' dir='ltr'><strong>incendiorum,</strong></span> <span class='ocrx_word' id='word_1_131' title='bbox 1011 2097 1073 2135; x_wconf 82' lang='lat' dir='ltr'><strong>ne</strong></span> <span class='ocrx_word' id='word_1_132' title='bbox 1100 2072 1211 2135; x_wconf 80' lang='lat' dir='ltr'><strong>libri</strong></span> <span class='ocrx_word' id='word_1_133' title='bbox 1241 2074 1448 2135; x_wconf 79' lang='lat' dir='ltr'><strong>edantur</strong></span> <span class='ocrx_word' id='word_1_134' title='bbox 1468 2122 1485 2150; x_wconf 93' lang='lat'><strong>,</strong></span> <span class='ocrx_word' id='word_1_135' title='bbox 1515 2088 1599 2136; x_wconf 83' lang='lat' dir='ltr'><strong>ant</strong></span> <span class='ocrx_word' id='word_1_136' title='bbox 1627 2074 1784 2136; x_wconf 79' lang='lat' dir='ltr'><strong>editos</strong></span> <span class='ocrx_word' id='word_1_137' title='bbox 1813 2076 1990 2159; x_wconf 78' lang='lat' dir='ltr'><strong>injuste</strong></span> 
     </span>
     <span class='ocr_line' id='line_1_18' title="bbox 227 2167 1988 2259; baseline -0.001 -21"><span class='ocrx_word' id='word_1_138' title='bbox 227 2189 493 2238; x_wconf 76' lang='lat' dir='ltr'><strong>vexantem.</strong></span> <span class='ocrx_word' id='word_1_139' title='bbox 522 2167 715 2251; x_wconf 80' lang='lat' dir='ltr'><strong>Primo,</strong></span> <span class='ocrx_word' id='word_1_140' title='bbox 742 2190 991 2238; x_wconf 88' lang='lat' dir='ltr'><strong>auctorum</strong></span> <span class='ocrx_word' id='word_1_141' title='bbox 1021 2176 1153 2239; x_wconf 81' lang='lat' dir='ltr'><strong>sama</strong></span> <span class='ocrx_word' id='word_1_142' title='bbox 1183 2189 1232 2238; x_wconf 85' lang='lat' dir='ltr'><strong>et</strong></span> <span class='ocrx_word' id='word_1_143' title='bbox 1260 2199 1437 2237; x_wconf 82' lang='lat' dir='ltr'><strong>nomen</strong></span> <span class='ocrx_word' id='word_1_144' title='bbox 1469 2178 1735 2259; x_wconf 82' lang='lat' dir='ltr'><strong>ignominia</strong></span> <span class='ocrx_word' id='word_1_145' title='bbox 1763 2201 1864 2239; x_wconf 91' lang='lat' dir='ltr'><strong>non</strong></span> <span class='ocrx_word' id='word_1_146' title='bbox 1895 2175 1988 2238; x_wconf 86' lang='lat' dir='ltr'><strong>levi</strong></span> 
     </span>
     <span class='ocr_line' id='line_1_19' title="bbox 226 2277 1991 2363; baseline -0.001 -22"><span class='ocrx_word' id='word_1_147' title='bbox 226 2277 451 2353; x_wconf 75' lang='lat' dir='ltr'><strong>afficitur,</strong></span> <span class='ocrx_word' id='word_1_148' title='bbox 480 2278 678 2362; x_wconf 80' lang='lat' dir='ltr'><strong>perinde</strong></span> <span class='ocrx_word' id='word_1_149' title='bbox 705 2280 844 2362; x_wconf 83' lang='lat' dir='ltr'><strong>quasi</strong></span> <span class='ocrx_word' id='word_1_150' title='bbox 887 2291 973 2340; x_wconf 90' lang='lat' dir='ltr'><strong>aut</strong></span> <span class='ocrx_word' id='word_1_151' title='bbox 1002 2278 1145 2340; x_wconf 83' lang='lat' dir='ltr'><strong>fidem</strong></span> <span class='ocrx_word' id='word_1_152' title='bbox 1186 2278 1523 2363; x_wconf 87' lang='lat' dir='ltr'><strong>prodiderint,</strong></span> <span class='ocrx_word' id='word_1_153' title='bbox 1572 2292 1659 2341; x_wconf 89' lang='lat' dir='ltr'><strong>aut</strong></span> <span class='ocrx_word' id='word_1_154' title='bbox 1700 2281 1914 2341; x_wconf 85' lang='lat' dir='ltr'><strong>caritatis</strong></span> <span class='ocrx_word' id='word_1_155' title='bbox 1942 2293 1991 2340; x_wconf 88' lang='lat' dir='ltr'><strong>et</strong></span> 
     </span>
     <span class='ocr_line' id='line_1_20' title="bbox 227 2377 2014 2466; baseline 0.001 -25"><span class='ocrx_word' id='word_1_156' title='bbox 227 2379 512 2466; x_wconf 66' lang='lat' dir='ltr'><strong>prudentiae</strong></span> <span class='ocrx_word' id='word_1_157' title='bbox 542 2377 728 2461; x_wconf 80' lang='lat' dir='ltr'><strong>legibus</strong></span> <span class='ocrx_word' id='word_1_158' title='bbox 756 2382 1096 2454; x_wconf 82' lang='lat' dir='ltr'><strong>renuntiarint,</strong></span> <span class='ocrx_word' id='word_1_159' title='bbox 1126 2403 1279 2463; x_wconf 90' lang='lat' dir='ltr'><strong>quum</strong></span> <span class='ocrx_word' id='word_1_160' title='bbox 1322 2392 1482 2442; x_wconf 85' lang='lat' dir='ltr'><strong>tamen</strong></span> <span class='ocrx_word' id='word_1_161' title='bbox 1528 2404 1619 2443; x_wconf 87' lang='lat' dir='ltr'><strong>suo</strong></span> <span class='ocrx_word' id='word_1_162' title='bbox 1660 2404 1858 2443; x_wconf 84' lang='lat' dir='ltr'><strong>munere</strong></span> <span class='ocrx_word' id='word_1_163' title='bbox 1888 2380 2014 2460; x_wconf 23' lang='lat' dir='ltr'><strong>sue--</strong></span> 
     </span>
     <span class='ocr_line' id='line_1_21' title="bbox 227 2480 1988 2565; baseline 0.001 -23"><span class='ocrx_word' id='word_1_164' title='bbox 227 2481 330 2542; x_wconf 82' lang='lat' dir='ltr'><strong>rint</strong></span> <span class='ocrx_word' id='word_1_165' title='bbox 355 2494 482 2542; x_wconf 81' lang='lat' dir='ltr'><strong>recte</strong></span> <span class='ocrx_word' id='word_1_166' title='bbox 501 2481 754 2565; x_wconf 81' lang='lat' dir='ltr'><strong>perfuncti.</strong></span> <span class='ocrx_word' id='word_1_167' title='bbox 797 2483 978 2564; x_wconf 80' lang='lat' dir='ltr'><strong>Ingens</strong></span> <span class='ocrx_word' id='word_1_168' title='bbox 1019 2481 1194 2543; x_wconf 89' lang='lat' dir='ltr'><strong>deinde</strong></span> <span class='ocrx_word' id='word_1_169' title='bbox 1243 2483 1361 2565; x_wconf 88' lang='lat' dir='ltr'><strong>ipsis</strong></span> <span class='ocrx_word' id='word_1_170' title='bbox 1389 2496 1575 2545; x_wconf 84' lang='lat' dir='ltr'><strong>creatur</strong></span> <span class='ocrx_word' id='word_1_171' title='bbox 1617 2480 1802 2559; x_wconf 77' lang='lat' dir='ltr'><strong>doloris</strong></span> <span class='ocrx_word' id='word_1_172' title='bbox 1827 2505 1988 2557; x_wconf 87' lang='lat' dir='ltr'><strong>causa,</strong></span> 
     </span>
     <span class='ocr_line' id='line_1_22' title="bbox 226 2581 1989 2669; baseline 0 -24"><span class='ocrx_word' id='word_1_173' title='bbox 226 2584 631 2668; x_wconf 73' lang='lat' dir='ltr'><strong>conspicientibus</strong></span> <span class='ocrx_word' id='word_1_174' title='bbox 659 2596 771 2669; x_wconf 87' lang='lat' dir='ltr'><strong>post</strong></span> <span class='ocrx_word' id='word_1_175' title='bbox 799 2597 871 2645; x_wconf 89' lang='lat' dir='ltr'><strong>tot</strong></span> <span class='ocrx_word' id='word_1_176' title='bbox 900 2581 1094 2645; x_wconf 60' lang='lat' dir='ltr'><strong>labores</strong></span> <span class='ocrx_word' id='word_1_177' title='bbox 1122 2584 1401 2645; x_wconf 84' lang='lat' dir='ltr'><strong>intercidere</strong></span> <span class='ocrx_word' id='word_1_178' title='bbox 1430 2584 1614 2658; x_wconf 82' lang='lat' dir='ltr'><strong>fructus</strong></span> <span class='ocrx_word' id='word_1_179' title='bbox 1641 2585 1819 2667; x_wconf 84' lang='lat' dir='ltr'><strong>ingenii</strong></span> <span class='ocrx_word' id='word_1_180' title='bbox 1844 2597 1989 2669; x_wconf 88' lang='lat' dir='ltr'><strong>atque</strong></span> 
     </span>
     <span class='ocr_line' id='line_1_23' title="bbox 227 2685 1991 2772; baseline -0.001 -22"><span class='ocrx_word' id='word_1_181' title='bbox 227 2685 513 2750; x_wconf 69' lang='lat' dir='ltr'><strong>auditionis</strong></span> <span class='ocrx_word' id='word_1_182' title='bbox 538 2709 669 2749; x_wconf 86' lang='lat' dir='ltr'><strong>suae.</strong></span> <span class='ocrx_word' id='word_1_183' title='bbox 687 2686 882 2769; x_wconf 79' lang='lat' dir='ltr'><strong>Neque</strong></span> <span class='ocrx_word' id='word_1_184' title='bbox 896 2693 1056 2759; x_wconf 78' lang='lat' dir='ltr'><strong>enim,</strong></span> <span class='ocrx_word' id='word_1_185' title='bbox 1088 2700 1235 2749; x_wconf 86' lang='lat' dir='ltr'><strong>otest</strong></span> <span class='ocrx_word' id='word_1_186' title='bbox 1265 2686 1398 2772; x_wconf 90' lang='lat' dir='ltr'><strong>apud</strong></span> <span class='ocrx_word' id='word_1_187' title='bbox 1430 2687 1707 2770; x_wconf 65' lang='lat' dir='ltr'><strong>Synffiium,</strong></span> <span class='ocrx_word' id='word_1_188' title='bbox 1734 2688 1892 2750; x_wconf 79' lang='lat' dir='ltr'><strong>aliter</strong></span> <span class='ocrx_word' id='word_1_189' title='bbox 1903 2712 1991 2750; x_wconf 83' lang='lat' dir='ltr'><strong>er-</strong></span> 
     </span>
     <span class='ocr_line' id='line_1_24' title="bbox 220 2789 1989 2872; baseline 0.001 -21"><span class='ocrx_word' id='word_1_190' title='bbox 220 2811 300 2870; x_wconf 65' lang='lat' dir='ltr'><strong>go</strong></span> <span class='ocrx_word' id='word_1_191' title='bbox 325 2789 490 2851; x_wconf 77' lang='lat' dir='ltr'><strong>libros</strong></span> <span class='ocrx_word' id='word_1_192' title='bbox 507 2813 636 2852; x_wconf 85' lang='lat' dir='ltr'><strong>suos</strong></span> <span class='ocrx_word' id='word_1_193' title='bbox 648 2795 861 2872; x_wconf 72' lang='lat' dir='ltr'><strong>quisque</strong></span> <span class='ocrx_word' id='word_1_194' title='bbox 886 2792 1139 2872; x_wconf 63' lang='lat' dir='ltr'><strong>officitur,</strong></span> <span class='ocrx_word' id='word_1_195' title='bbox 1168 2814 1327 2872; x_wconf 81' lang='lat' dir='ltr'><strong>quam</strong></span> <span class='ocrx_word' id='word_1_196' title='bbox 1353 2802 1605 2870; x_wconf 78' lang='lat' dir='ltr'><strong>parentes</strong></span> <span class='ocrx_word' id='word_1_197' title='bbox 1640 2813 1770 2870; x_wconf 75' lang='lat' dir='ltr'><strong>erga</strong></span> <span class='ocrx_word' id='word_1_198' title='bbox 1799 2791 1989 2852; x_wconf 82' lang='lat' dir='ltr'><strong>liberos</strong></span> 
     </span>
     <span class='ocr_line' id='line_1_25' title="bbox 188 2889 1990 2977; baseline 0.001 -26"><span class='ocrx_word' id='word_1_199' title='bbox 188 2930 202 2936; x_wconf 88' lang='lat'>-</span> <span class='ocrx_word' id='word_1_200' title='bbox 225 2912 368 2971; x_wconf 63' lang='lat' dir='ltr'><strong>suos.</strong></span> <span class='ocrx_word' id='word_1_201' title='bbox 401 2889 596 2967; x_wconf 78' lang='lat' dir='ltr'><strong>Tertio,</strong></span> <span class='ocrx_word' id='word_1_202' title='bbox 624 2914 770 2953; x_wconf 86' lang='lat' dir='ltr'><strong>nemo</strong></span> <span class='ocrx_word' id='word_1_203' title='bbox 796 2914 899 2952; x_wconf 91' lang='lat' dir='ltr'><strong>non</strong></span> <span class='ocrx_word' id='word_1_204' title='bbox 930 2890 1076 2966; x_wconf 85' lang='lat' dir='ltr'><strong>videt,</strong></span> <span class='ocrx_word' id='word_1_205' title='bbox 1107 2914 1256 2976; x_wconf 87' lang='lat' dir='ltr'><strong>quam</strong></span> <span class='ocrx_word' id='word_1_206' title='bbox 1285 2893 1529 2977; x_wconf 89' lang='lat' dir='ltr'><strong>speciosus</strong></span> <span class='ocrx_word' id='word_1_207' title='bbox 1557 2893 1744 2953; x_wconf 89' lang='lat' dir='ltr'><strong>enormi</strong></span> <span class='ocrx_word' id='word_1_208' title='bbox 1775 2892 1868 2952; x_wconf 85' lang='lat' dir='ltr'><strong>ista</strong></span> <span class='ocrx_word' id='word_1_209' title='bbox 1882 2914 1990 2953; x_wconf 91' lang='lat' dir='ltr'><strong>mo-</strong></span> 
     </span>
     <span class='ocr_line' id='line_1_26' title="bbox 226 2992 1991 3078; baseline -0.002 -20"><span class='ocrx_word' id='word_1_210' title='bbox 226 2993 425 3058; x_wconf 67' lang='lat' dir='ltr'><strong>nouitate</strong></span> <span class='ocrx_word' id='word_1_211' title='bbox 450 3007 598 3078; x_wconf 83' lang='lat' dir='ltr'><strong>atque</strong></span> <span class='ocrx_word' id='word_1_212' title='bbox 623 2996 874 3057; x_wconf 84' lang='lat' dir='ltr'><strong>severitate</strong></span> <span class='ocrx_word' id='word_1_213' title='bbox 899 2992 1203 3057; x_wconf 77' lang='lat' dir='ltr'><strong>declamandi</strong></span> <span class='ocrx_word' id='word_1_214' title='bbox 1230 2993 1368 3056; x_wconf 90' lang='lat' dir='ltr'><strong>locus</strong></span> <span class='ocrx_word' id='word_1_215' title='bbox 1396 2995 1629 3058; x_wconf 80' lang='lat' dir='ltr'><strong>offeratur</strong></span> <span class='ocrx_word' id='word_1_216' title='bbox 1659 2993 1883 3057; x_wconf 79' lang='lat' dir='ltr'><strong>hostibus</strong></span> <span class='ocrx_word' id='word_1_217' title='bbox 1911 3018 1991 3055; x_wconf 89' lang='lat' dir='ltr'><strong>ca-</strong></span> 
     </span>
     <span class='ocr_line' id='line_1_27' title="bbox 228 3076 1990 3183; baseline -0.001 -24"><span class='ocrx_word' id='word_1_218' title='bbox 228 3093 394 3172; x_wconf 69' lang='lat' dir='ltr'><strong>tholici</strong></span> <span class='ocrx_word' id='word_1_219' title='bbox 422 3076 648 3159; x_wconf 76' lang='lat' dir='ltr'><strong>nominis.</strong></span> <span class='ocrx_word' id='word_1_220' title='bbox 684 3097 804 3159; x_wconf 92' lang='lat' dir='ltr'><strong>Non</strong></span> <span class='ocrx_word' id='word_1_221' title='bbox 834 3110 906 3160; x_wconf 85' lang='lat' dir='ltr'><strong>est</strong></span> <span class='ocrx_word' id='word_1_222' title='bbox 935 3097 1152 3183; x_wconf 82' lang='lat' dir='ltr'><strong>profecto</strong></span> <span class='ocrx_word' id='word_1_223' title='bbox 1193 3097 1620 3173; x_wconf 85' lang='lat' dir='ltr'><strong>committendum,</strong></span> <span class='ocrx_word' id='word_1_224' title='bbox 1651 3111 1708 3159; x_wconf 90' lang='lat' dir='ltr'><strong>ut</strong></span> <span class='ocrx_word' id='word_1_225' title='bbox 1736 3097 1868 3159; x_wconf 81' lang='lat' dir='ltr'><strong>fatua</strong></span> <span class='ocrx_word' id='word_1_226' title='bbox 1898 3099 1990 3158; x_wconf 90' lang='lat' dir='ltr'><strong>ob-</strong></span> 
     </span>
     <span class='ocr_line' id='line_1_28' title="bbox 229 3198 1996 3283; baseline 0.002 -25"><span class='ocrx_word' id='word_1_227' title='bbox 229 3198 404 3275; x_wconf 76' lang='lat' dir='ltr'><strong>tineat„</strong></span> <span class='ocrx_word' id='word_1_228' title='bbox 426 3202 551 3262; x_wconf 84' lang='lat' dir='ltr'><strong>inter</strong></span> <span class='ocrx_word' id='word_1_229' title='bbox 577 3223 669 3262; x_wconf 85' lang='lat' dir='ltr'><strong>nos</strong></span> <span class='ocrx_word' id='word_1_230' title='bbox 695 3201 839 3262; x_wconf 91' lang='lat' dir='ltr'><strong>bonis</strong></span> <span class='ocrx_word' id='word_1_231' title='bbox 884 3202 1086 3283; x_wconf 83' lang='lat' dir='ltr'><strong>ingeniis</strong></span> <span class='ocrx_word' id='word_1_232' title='bbox 1123 3225 1179 3262; x_wconf 85' lang='lat' dir='ltr'><strong>ac</strong></span> <span class='ocrx_word' id='word_1_233' title='bbox 1207 3202 1395 3263; x_wconf 88' lang='lat' dir='ltr'><strong>artibus</strong></span> <span class='ocrx_word' id='word_1_234' title='bbox 1436 3224 1625 3263; x_wconf 86' lang='lat' dir='ltr'><strong>crucem</strong></span> <span class='ocrx_word' id='word_1_235' title='bbox 1664 3201 1762 3283; x_wconf 83' lang='lat' dir='ltr'><strong>figi,</strong></span> <span class='ocrx_word' id='word_1_236' title='bbox 1793 3202 1996 3261; x_wconf 88' lang='lat' dir='ltr'><strong>nimios-</strong></span> 
     </span>
    </p>
   </div>
   <div class='ocr_carea' id='block_1_2' title="bbox 234 3302 1993 3389">
    <p class='ocr_par' dir='ltr' id='par_1_3' title="bbox 234 3302 1993 3389">
     <span class='ocr_line' id='line_1_29' title="bbox 234 3302 1993 3389; baseline -0.001 -25"><span class='ocrx_word' id='word_1_237' title='bbox 234 3321 332 3383; x_wconf 74' lang='lat' dir='ltr'><strong>que</strong></span> <span class='ocrx_word' id='word_1_238' title='bbox 353 3302 613 3364; x_wconf 63' lang='lat' dir='ltr'><strong>auditioni</strong></span> <span class='ocrx_word' id='word_1_239' title='bbox 641 3303 893 3388; x_wconf 74' lang='lat' dir='ltr'><strong>compedes</strong></span> <span class='ocrx_word' id='word_1_240' title='bbox 911 3303 1147 3366; x_wconf 81' lang='lat' dir='ltr'><strong>adhibet-i.</strong></span> <span class='ocrx_word' id='word_1_241' title='bbox 1190 3304 1484 3366; x_wconf 78' lang='lat' dir='ltr'><strong>Cavendum</strong></span> <span class='ocrx_word' id='word_1_242' title='bbox 1515 3318 1759 3389; x_wconf 83' lang='lat' dir='ltr'><strong>praeterea</strong></span> <span class='ocrx_word' id='word_1_243' title='bbox 1787 3327 1850 3364; x_wconf 87' lang='lat' dir='ltr'><strong>ne</strong></span> <span class='ocrx_word' id='word_1_244' title='bbox 1878 3326 1993 3386; x_wconf 91' lang='lat' dir='ltr'><strong>pro·</strong></span> 
     </span>
    </p>
   </div>
   <div class='ocr_carea' id='block_1_3' title="bbox 102 3403 1991 3491">
    <p class='ocr_par' dir='ltr' id='par_1_4' title="bbox 102 3403 1991 3491">
     <span class='ocr_line' id='line_1_30' title="bbox 102 3403 1991 3491; baseline -0.007 -17"><span class='ocrx_word' id='word_1_245' title='bbox 102 3452 115 3469; x_wconf 65' lang='grc' dir='ltr'><strong>ι</strong></span> <span class='ocrx_word' id='word_1_246' title='bbox 235 3413 346 3484; x_wconf 59' lang='lat' dir='ltr'><strong>PU!</strong></span> <span class='ocrx_word' id='word_1_247' title='bbox 364 3404 688 3487; x_wconf 74' lang='lat' dir='ltr'><strong>quorumdam</strong></span> <span class='ocrx_word' id='word_1_248' title='bbox 717 3406 899 3468; x_wconf 76' lang='lat' dir='ltr'><strong>aboens</strong></span> <span class='ocrx_word' id='word_1_249' title='bbox 948 3404 1177 3468; x_wconf 83' lang='lat' dir='ltr'><strong>malevoli</strong></span> <span class='ocrx_word' id='word_1_250' title='bbox 1206 3429 1375 3468; x_wconf 91' lang='lat' dir='ltr'><strong>ansam</strong></span> <span class='ocrx_word' id='word_1_251' title='bbox 1405 3409 1600 3491; x_wconf 86' lang='lat' dir='ltr'><strong>capiant</strong></span> <span class='ocrx_word' id='word_1_252' title='bbox 1646 3403 1991 3490; x_wconf 81' lang='lat' dir='ltr'><strong>vituperandae</strong></span> 
     </span>
    </p>
   </div>
   <div class='ocr_carea' id='block_1_4' title="bbox 237 3505 1986 3592">
    <p class='ocr_par' dir='ltr' id='par_1_5' title="bbox 237 3505 1986 3592">
     <span class='ocr_line' id='line_1_31' title="bbox 237 3505 1986 3592; baseline -0.003 -24"><span class='ocrx_word' id='word_1_253' title='bbox 237 3507 487 3587; x_wconf 63' lang='lat' dir='ltr'><strong>putans-tis</strong></span> <span class='ocrx_word' id='word_1_254' title='bbox 508 3517 611 3568; x_wconf 72' lang='lat' dir='ltr'><strong>tan·</strong></span> <span class='ocrx_word' id='word_1_255' title='bbox 641 3505 849 3589; x_wconf 76' lang='lat' dir='ltr'><strong>legitime</strong></span> <span class='ocrx_word' id='word_1_256' title='bbox 874 3523 1132 3592; x_wconf 59' lang='lat' dir='ltr'><strong>unctoque</strong></span> <span class='ocrx_word' id='word_1_257' title='bbox 1158 3511 1457 3571; x_wconf 70' lang='lat' dir='ltr'><strong>constitutae.</strong></span> <span class='ocrx_word' id='word_1_258' title='bbox 1506 3510 1722 3584; x_wconf 80' lang='lat' dir='ltr'><strong>Quarto,</strong></span> <span class='ocrx_word' id='word_1_259' title='bbox 1754 3509 1802 3566; x_wconf 89' lang='lat' dir='ltr'><strong>in</strong></span> <span class='ocrx_word' id='word_1_260' title='bbox 1836 3508 1986 3587; x_wconf 76' lang='lat' dir='ltr'><strong>ipsam</strong></span> 
     </span>
    </p>
   </div>
  </div>
 </body>
</html>
