2534 4296
1923 409 2045 468 283

289 525 499 599 -tioes
526 522 889 595 astronomicas,
918 518 1157 603 physicas,
1185 531 1333 604 atque
1360 518 1484 581 alias
1512 518 1563 580 id
1592 541 1743 600 genus
1769 533 2051 583 controver-

285 621 711 694 instead»,
733 620 1073 704 doctrinasque
1092 618 1357 682 saemlares
1376 617 1704 704 explicandas,
1726 642 1829 680 non
1847 621 1911 680 ad
1939 645 2050 683 eru-

285 723 516 789 fflnm
544 725 597 784 in
627 721 830 784 historia
856 720 1095 795 naturali,
1125 744 1252 806 quae
1282 723 1431 783 verba
1459 723 1635 796 noecio,
1667 721 1848 805 quibus
1874 723 2051 783 codici-

285 823 823 907 hufmmAlmgmi
844 826 960 886 novi
981 824 1268 887 architectus
1289 822 1539 909 Apostolo
1557 822 1762 905 affingit,
1784 836 1839 885 ut
1855 824 2050 907 coper-

281 926 469 991 abab
495 927 729 989 invidiam
756 940 895 989 creet.
928 929 1033 990 Ista
1062 949 1259 1010 quoque
1284 928 1410 1011 (non
1442 924 1735 1007 inficiamur)
1765 926 2049 1000 innuuntur,

280 1041 331 1091 ct
355 1030 516 1092 obiter
539 1041 874 1091 memorantur
900 1030 1050 1091 sacris
1078 1030 1131 1089 in
1160 1027 1330 1102 literis,
1369 1028 1454 1090 sed
1481 1040 1539 1090 ut
1566 1026 1733 1089 eadem
1764 1025 1933 1110 aliquo
1959 1050 2051 1111 pa-

278 1142 556 1215 ctoctpro
588 1130 866 1192 conditione
905 1153 995 1192 sua
1024 1153 1117 1193 nos
1157 1130 1222 1192 ad
1253 1130 1412 1205 fidem,
1442 1131 1687 1215 pietatem,
1728 1129 2052 1190 etcaritatem

278 1232 517 1309 audiant,
544 1244 595 1295 ct
621 1256 654 1296 a
681 1234 827 1295 nobis
856 1234 909 1294 in
938 1255 1051 1294 eum
1086 1232 1232 1294 finem
1261 1231 1640 1305 considerentur,
1670 1253 1773 1292 non
1802 1242 1858 1291 ut
1886 1252 2053 1313 reapse

277 1333 689 1421 &putationibus
715 1336 912 1408 nostris,
953 1345 1002 1395 et
1043 1346 1238 1395 nostrae
1282 1333 1548 1394 curiositati
1586 1331 1732 1393 finem
1764 1330 1959 1392 saciant.
1989 1332 2053 1391 In

279 1436 407 1505 hm
432 1459 535 1499 rem
553 1438 812 1521 praecipue
839 1433 1167 1498 consulendus
1194 1448 1391 1497 sanans
1412 1435 1721 1515 Augustinus
1751 1431 1838 1494 lib.
1870 1434 1916 1507 1,
1947 1455 2050 1517 mp.

282 1537 366 1603 35
395 1550 446 1602 ct
476 1539 562 1601 36
589 1539 650 1600 de
669 1539 822 1600 doctr.
844 1538 1011 1600 christ.
1043 1539 1130 1599 ubi
1149 1540 1416 1622 scripturae
1444 1539 1595 1598 totius
1616 1558 1856 1598 summam
1876 1547 1925 1597 et
1945 1558 2054 1596 soo-

280 1662 400 1726 pin
427 1642 598 1702 statuit
625 1642 676 1702 in
705 1639 1090 1702 commendanda
1120 1639 1264 1701 nobis
1292 1636 1547 1700 dilectione
1575 1638 1676 1698 Dei
1703 1650 1752 1698 et
1779 1637 2007 1720 proximi.

281 1783 286 1788 ·
371 1743 604 1804 Ceterum
633 1764 694 1803 cx
737 1741 815 1804 his
842 1743 987 1802 etiam
1029 1739 1298 1821 intelligere
1333 1733 1609 1823 possumus,
1637 1738 1927 1800 evidentiam
1951 1761 2054 1799 non

282 1866 397 1905 ram
421 1843 600 1917 dome,
630 1845 941 1905 necessariam
970 1865 1184 1925 prorsus»,
1216 1854 1271 1903 ut
1314 1843 1382 1903 ab
1412 1843 1530 1925 ipsis
1565 1839 1892 1902 ecclesiasticis
1921 1841 2053 1923 judi-

280 1946 420 2009 cibus
445 1958 572 2008 ocrta
599 1945 781 2007 feratur
821 1944 883 2005 de
911 1943 990 2006 his
1018 1944 1385 2027 quaestionibus
1427 1943 1493 2004 ad
1522 1940 1730 2003 salutem
1761 1965 1863 2004 non
1901 1944 2052 2026 perti-

285 2048 514 2111 nentibus
545 2047 1024 2130 sententia-Partim
1058 2045 1110 2108 id
1137 2048 1415 2127 contingere
1455 2069 1516 2107 ex
1550 2068 1712 2107 rerum
1754 2043 2051 2119 difficultate,

279 2163 428 2234 atquc
453 2149 758 2223 obscuritate,
787 2150 966 2232 partim
993 2171 1055 2210 ex
1074 2149 1305 2229 ambiguo
1334 2149 1680 2231 scipturarum
1710 2170 1854 2209 sensu
1878 2159 2050 2231 potest.

278 2253 391 2315 Aut
415 2250 653 2332 turgidus,
691 2242 969 2334 nimiusque
995 2251 1072 2313 sni
1092 2252 1388 2324 aestimator,
1418 2262 1505 2311 aut
1532 2272 1700 2311 caecus
1728 2247 1942 2311 aliorum
1972 2272 2054 2314 ve—

279 2365 479 2416 nator
511 2355 576 2414 sit
611 2376 800 2415 norme
838 2365 928 2427 est,
971 2354 1058 2435 qui
1086 2364 1175 2414 ‘tot
1211 2350 1511 2427 Aristotelis,
1552 2353 1779 2437 Epicuri,
1821 2353 2052 2427 Cartaeii,

276 2454 470 2518 ›Galcni
496 2457 773 2529 sententias,
803 2457 857 2517 in
892 2454 1104 2539 physicis
1145 2456 1469 2538 potissimum,
1498 2456 1604 2517 sine
1642 2453 1748 2517 ullo
1776 2454 2053 2516 discrimine

279 2571 433 2622 oertas
457 2580 562 2620 csse
586 2557 861 2620 contendat.
891 2555 1166 2641 Pleraeque
1185 2558 1264 2643 (ut
1283 2571 1541 2632 noverunt,
1562 2570 1613 2619 et
1632 2555 1938 2619 dissimulare
1965 2580 2053 2618 ne·

280 2674 467 2747 punt
491 2662 667 2723 sinceri
696 2659 1005 2745 philosophi)
1027 2662 1156 2722 intra
1184 2661 1331 2721 unius
1350 2658 1784 2723 verisimilitudinis
1803 2661 2054 2743 pomoeria

278 2765 603 2826 eontinentur.
636 2764 763 2839 Quo
789 2786 1010 2847 quaeque
1049 2761 1440 2846 deprehenditur,
1468 2775 1555 2825 aut
1582 2775 1788 2847 apparet
1815 2763 2054 2824 verisimi-

278 2863 392 2941 Bor,
418 2889 480 2928 oo
505 2865 700 2948 dignior
725 2866 780 2928 fit
807 2863 986 2950 plausu
1013 2878 1063 2927 et
1090 2888 1330 2927 consensu
1359 2865 1676 2928 eruditorum.
1699 2866 1839 2941 Hinc
1866 2877 1943 2926 tot
1969 2887 2053 2927 so-

220 2985 228 2993 '
278 2990 432 3032 uoeae
456 2966 581 3044 lites,
607 2981 659 3031 et
684 2969 946 3031 verborum
964 2970 1307 3053 rationumque
1326 2992 1534 3051 pugnae,
1563 2991 1667 3031 non
1686 2970 1826 3053 prius
1853 2967 2053 3030 modum

281 3070 519 3156 hemme
547 3072 815 3146 habiturae,
844 3095 995 3155 quam
1024 3072 1077 3132 in
1107 3073 1247 3133 terris
1267 3071 1502 3133 habitare·
1519 3085 1567 3133 et
1595 3070 1763 3133 literas
1783 3068 1941 3132 colere
1968 3070 2055 3131 de·

283 3173 414 3236 int
437 3172 719 3236 mortalium
746 3197 912 3256 genus.
945 3175 1058 3236 Has
1097 3186 1277 3249 autem,
1307 3187 1363 3238 ut
1409 3177 1479 3235 ita
1507 3175 1682 3247 dioem,
1713 3175 1953 3255 ingenitas
1981 3196 2056 3232 re-

285 3274 641 3336 t--tcnchras
666 3297 731 3336 ne
756 3277 861 3359 ipse
890 3274 1090 3359 quidem
1130 3275 1326 3337 divinus
1356 3276 1575 3359 Spiritus
1604 3277 1655 3336 in
1685 3273 1824 3336 libris
1851 3275 1953 3334 suis
1980 3272 2056 3331 di-

288 3386 471 3438 ω
494 3373 706 3438 volui&
740 3377 989 3461 putandus
1026 3390 1113 3440 est.
1144 3378 1306 3439 Immo
1334 3379 1437 3461 ipse
1463 3390 1681 3451 testatur,
1707 3400 1761 3438 se
1802 3378 1852 3436 in
1883 3374 2054 3455 hujus-

292 3472 427 3537 -ffl
437 3475 841 3540 nbmudidioee
857 3476 1095 3540 mundum
1113 3477 1431 3561 d’ssputationi
1448 3477 1718 3551 hominum,
1730 3498 1873 3560 seque
1887 3476 2053 3536 Deum
