2534 4296
543 395 671 477 648

540 512 687 587 riora,
716 522 970 592 negantur:
998 511 1214 574 Inficiari
1244 531 1346 571 non
1385 503 1597 575 audehat
1634 503 1983 597 Phdeponns,
2022 513 2146 597 quin
2184 504 2307 574 soh-

538 611 793 677 dissimum
831 614 1051 675 veritatis
1094 624 1345 697 rectaeque
1385 611 1498 675 fidei
1539 625 1876 697 argumeritum
1913 615 2013 676 sint
2039 612 2309 686 miracula}

539 736 643 778 non
669 703 801 778 enirn
826 715 969 777 Deus
997 737 1090 799 pro
1117 713 1279 776 errore
1306 712 1556 779 mirabilia
1575 728 1828 801 operatur,
1858 728 2028 801 utpote
2055 719 2144 803 qni
2171 716 2306 779 deei-

536 838 652 903 pere
679 839 772 880 nos
798 838 957 902 neque
985 818 1140 901 possit
1166 838 1325 901 neque
1349 814 1483 880 velit.
1517 817 1780 883 Catholioe
1821 816 2020 881 ecelesia
2057 816 2308 882 miramlis

538 920 685 981 etiam
714 918 889 1005 (quod
917 917 1168 981 haereticis
1194 940 1299 980 non
1325 919 1681 1006 contingebat)
1705 943 1846 983 snam
1880 921 2025 984 fidem
2064 921 2307 985 tuehdnr.

539 1023 684 1103 Ergo
711 1022 777 1082 ab
806 1020 1153 1083 haereticorum
1199 1022 1424 1106 patronis
1463 1043 1542 1086 res
1580 1023 1689 1108 ipsa
1728 1023 1951 1107 neganda
1994 1024 2101 1086 fuit.
2132 1020 2226 1087 ‘Et
2251 1035 2311 1086 ιι

540 1123 737 1208 quidem
767 1120 895 1184 nihil
923 1121 1223 1186 dissimulem
1254 1145 1357 1186 non
1385 1146 1516 1186 unus
1541 1135 1616 1186 est
1654 1124 2009 1211 Pheeponm,
2028 1129 2126 1212 qui
2162 1123 2313 1188 ende-

538 1226 640 1288 siae
678 1223 946 1288 catholicae
971 1223 1222 1289 miraculis
1247 1225 1393 1288 iidem
1421 1223 1675 1288 detrahere
1702 1239 1919 1289 conetur.
1957 1229 2136 1292 Sodoe
2167 1229 2222 1289 in
2249 1249 2312 1290 eo

537 1329 703 1391 studio
731 1328 895 1405 habet,
922 1341 1165 1415 quotquot
1193 1327 1587 1391 amtholicorum
1613 1325 1958 1392 cornmuhione
1978 1329 2309 1394 &munt

537 1431 713 1517 Neque
734 1432 866 1493 hunc
885 1455 1038 1493 unum
1068 1430 1230 1494 locum
1258 1430 1403 1515 elegit
1432 1430 1531 1508 ille,
1554 1454 1657 1517 φιο
1677 1429 1940 1508 miraculis,
1961 1444 2012 1494 et
2031 1433 2311 1515 Aqu'mo

535 1533 768 1598 miracula
798 1534 1079 1620 proferenti,
1109 1557 1168 1598 ac
1197 1536 1501 1610 memoranti,
1530 1533 1667 1599 litem
1690 1534 1972 1597 intenderet.
2003 1533 2139 1598 Aliis
2163 1532 2309 1597 inlo-

532 1639 604 1699 cis
633 1637 762 1700 idem
789 1639 1029 1723 praestitit
1056 1635 1397 1722 Phereponus,
1414 1659 1574 1723 neque
1590 1635 1745 1700 ultan
1773 1637 1910 1701 abire
1936 1660 2109 1722 passus
2133 1650 2211 1700 est
2234 1637 2310 1700 fa-

391 1721 400 1738 ’
531 1750 661 1801 ctam
688 1739 755 1801 ab
780 1739 1065 1820 Augustino
1093 1735 1440 1801 miraculorum
1466 1741 1782 1815 mentionm,
1810 1762 1960 1824 quam
1988 1762 2091 1805 non
2110 1739 2309 1803 irrident

531 1852 619 1903 aut
655 1851 841 1927 carpat.
877 1841 1043 1903 Immo
1078 1840 1157 1903 vir
1195 1853 1353 1903 cetera
1394 1841 1580 1903 imitari
1618 1839 1796 1916 solitus
1832 1842 2105 1904 Erasmum
2145 1853 2308 1919 sunm,

529 1955 872 2029 praeterquam
898 1942 954 2005 in
980 1943 1238 2007 amanis
1263 1944 1545 2028 comicoque
1563 1943 1723 2026 genio,
1751 1942 1917 2007 stenos
1946 1946 2111 2008 tame'n
2126 1945 2310 2008 sever-i·

528 2045 666 2108 tatis
673 2057 782 2108 ttnn
801 2040 1177 2135 melinum
1203 2057 1404 2108 ventum
1421 2057 1495 2109 est
1512 2045 1578 2109 ad
1596 2045 2148 2140 sermoncinAugustini
2163 2046 2309 2122 322,

532 2170 635 2232 quo
659 2144 817 2213 Pauli
842 2144 1095 2235 cujusdam
1122 2150 1323 2235 ejusque
1349 2150 1533 2212 sororis
1560 2149 1751 2212 curatio
1777 2161 2008 2212 narratur
2046 2145 2123 2213 ad
2152 2150 2310 2216 uncti

534 2248 777 2336 Stephani
801 2248 1052 2338 reliquias.
1089 2254 1178 2315 Ex
1207 2250 1495 2339 hujusmodi
1522 2254 1802 2315 narratione
1828 2250 2131 2315 comoediam
2158 2248 2311 2314 eoele-

530 2354 772 2419 siasticam
800 2353 1031 2419 conflavit
1056 2351 1252 2442 lepidus
1280 2376 1469 2432 censor,
1498 2378 1703 2442 eamque
1731 2355 1784 2417 in
1814 2377 1933 2418 suos
1973 2368 2111 2419 aetus
2151 2355 2308 2440 ῥιπὶ·

530 2470 612 2520 tus
637 2470 726 2533 est,
755 2469 1055 2544 tantumque
1070 2458 1163 2522 sihi
1193 2471 1364 2543 postea
1389 2470 1596 2545 propter
1622 2461 1729 2544 ejus
1757 2456 1998 2520 fabulae
1977 2459 2309 2520 inventionem

528 2557 730 2645 placuit,
759 2573 816 2623 ut
844 2582 958 2624 suas
1002 2562 1055 2623 in
1085 2561 1420 2645 Augustinum
1450 2560 1943 2624 animadversiones
1926 2547 1980 2623 m
2011 2558 2308 2624 hihliothem

532 2658 707 2724 selecta
737 2664 840 2749 ipse
868 2686 1133 2741 recensens,
1163 2664 1248 2726 vix
1278 2687 1321 2748 a
1338 2664 1434 2738 sihi
1464 2662 1752 2750 plaudendo
1784 2676 2055 2750 temperare
2081 2664 2307 2749 potnerit.

622 2765 772 2843 Quae
809 2769 873 2830 sit
916 2766 1211 2853 prudentum
1257 2765 1609 2829 catholicorum
1655 2769 1894 2829 sententia
1937 2766 1999 2829 de
2043 2763 2307 2839 miraculis,

531 2869 694 2952 primo
723 2869 987 2932 videamus.
1017 2870 1263 2946 Fuerunt,
1288 2865 1351 2932 vac
1365 2882 1637 2932 ¹ueternum
1673 2882 1817 2933 emnt
1860 2871 1915 2931 in
1943 2884 2070 2931 vera
2108 2864 2307 2930 eoeloeia

528 2970 632 3032 Dei
663 2970 893 3033 miracula
924 2994 1056 3049 vera,
1085 2997 1211 3058 quae
1235 2975 1378 3035 Deus
1405 2986 1638 3059 operatur
1664 2995 1755 3058 per
1779 2984 1974 3035 metus
2001 2993 2133 3033 suos.
2173 2971 2232 3032 Si
2260 2972 2307 3031 i-

533 3083 611 3135 sta
635 3094 747 3135 cum
776 3071 888 3136 aliis
914 3098 1058 3137 verae
1086 3074 1334 3158 religionis
1362 3088 1511 3161 atque
1538 3074 1763 3138 eeclesiae
1790 3075 1922 3137 notis
1948 3075 2308 3157 oonjmgantur

534 3173 836 3239 orthodoxae
862 3176 973 3239 fidei
1001 3191 1115 3241 sunt
1146 3178 1365 3240 fidissimi
1394 3191 1552 3241 testes.
1583 3181 1658 3240 At
1685 3192 1847 3263 neque
1868 3175 2093 3239 fidelihus
2110 3179 2309 3260 exigen-

535 3278 600 3341 da
627 3292 761 3356 sunt,
786 3280 890 3342 sive
925 3281 1236 3366 quaerenda:
1264 3304 1364 3344 uon
1395 3282 1527 3342 euim
1556 3277 1770 3365 amplius
1797 3281 1858 3342 iis
1886 3279 2068 3363 indiget
2104 3301 2219 3343 vera
2248 3278 2308 3341 5-

534 3381 622 3447 des
647 3394 697 3446 et
724 3379 936 3459 eeclesia,
957 3396 1015 3445 ιιι
1042 3406 1183 3446 suam
1195 3383 1448 3445 veritatem
1477 3383 1716 3446 ostendat.
1748 3382 1928 3468 Neque
1945 3381 2306 3470 ”mentali

533 3476 649 3547 fide·
671 3482 829 3548 ullum
856 3484 1047 3548 credere
1073 3488 1293 3567 cogimur
1321 3508 1379 3547 ex
1430 3486 1490 3547 iis
1521 3483 1794 3561 miraculis,
1824 3509 1951 3571 quae
1989 3498 2128 3549 extra
2155 3507 2307 3549 mno-
