2534 4296
1915 414 2037 498 467

219 574 222 577 .
295 529 488 616 quidem
516 528 760 597 sinuntur,
790 535 876 585 aut
902 534 1028 585 oute
1056 544 1227 607 parum
1257 522 1503 584 christiani
1533 525 1683 583 animi
1709 524 1885 588 [amam
1918 530 1966 587 in
1996 549 2048 587 se

292 631 547 701 nntium,
566 639 615 688 ct
633 623 860 687 sandala
887 626 1054 687 statim
1083 627 1290 686 excitare
1312 647 1452 709 poase
1470 624 1745 686 ceduntur.
1780 628 1920 706 Ergo
1938 631 2049 711 quis

293 753 392 795 ιω
420 725 686 809 intelligat,
714 740 897 812 quanta
926 728 990 789 sit
1017 729 1273 789 necessitas
1309 726 1591 789 eruditionis
1618 739 1666 788 et
1694 728 1947 801 scientiae,
1990 754 2051 790 ne

291 834 471 895 'uitas
498 828 733 904 laedatur,
761 852 820 891 a:
844 830 1191 914 supprimatur,
1211 852 1329 891 neve
1348 831 1624 913 superstitio
1641 829 1842 911 regnet?
1873 830 2047 913 Neque

289 956 410 997 vero
434 946 575 1019 putoe
600 933 666 995 ad
693 945 885 995 tantum
913 933 1157 1013 negotium
1185 931 1403 994 sufficere
1431 929 1829 995 scholasticorum
1857 931 2048 994 theolo-

290 1037 436 1118 giam.
464 1036 758 1117 Dogmatioe
785 1034 866 1096 bic
898 1057 1024 1118 opus
1052 1047 1123 1096 est
1165 1036 1215 1095 in
1245 1036 1429 1118 primis,
1458 1048 1507 1096 et
1535 1057 1637 1096 non
1675 1034 1903 1096 mediocri
1933 1058 2050 1095 con-

293 1139 651 1212 troversiarum,
694 1160 820 1221 quas
857 1160 965 1199 cum
1009 1136 1258 1198 haereticis
1286 1136 1536 1211 babemus,
1580 1138 1787 1222 peritia;
1816 1140 1883 1198 ita
1926 1139 2052 1198 enim

291 1241 504 1304 siuccr'u
527 1239 806 1303 bomuribus
847 1237 1020 1301 melius
1061 1241 1332 1308 innotescit.
1362 1241 1446 1324 qui
1485 1241 1617 1300 sint
1610 1239 1876 1325 funestum
1918 1262 2060 1300 verae

291 1341 554 1418 doctrinae,
581 1356 686 1405 tum
714 1340 995 1427 disciplinae
1023 1340 1252 1417 melioris,
1281 1365 1418 1426 quos
1448 1365 1547 1403 una
1587 1318 1782 1404 ecclesia
1822 1339 2016 1405 mtholit
2016 1365 2057 1402 a

291 1443 496 1515 fideliter
519 1458 698 1526 mat,
725 1445 946 1507 baeretici
977 1446 1278 1529 pertinaciter
1304 1445 1560 1506 contrariis
1587 1443 1703 1507 binc
1732 1444 1845 1506 inde
1866 1458 2059 1505 senten-

292 1549 391 1624 tiis,
418 1561 506 1612 aut
529 1550 676 1614 etiam
704 1547 931 1610 ineruditi
959 1549 1149 1608 incaute
1169 1547 1383 1630 quidem,
1412 1547 1497 1608 sed
1528 1570 1704 1631 parum
1734 1545 2060 1620 laudabiliter,

294 1650 775 1737 praetergrediunturz
798 1652 973 1735 Itaque
991 1662 1095 1711 tum
1117 1648 1446 1725 conciliorum,
1465 1663 1576 1711 tum
1591 1672 1904 1711 romanorum
1928 1673 2055 1733 pon-

294 1753 493 1832 ἰὶᾶὶιιιι,
521 1764 929 1821 tum,sanctorum
958 1766 1153 1836 patrum
1192 1752 1479 1825 documenta
1520 1765 1736 1813 accurate
1764 1751 2058 1814 consulenda

297 1869 413 1918 sumt
450 1858 504 1918 in
545 1855 678 1917 bunc
710 1855 871 1929 finem,
898 1867 948 1915 et
975 1877 1077 1916 non
1107 1847 1247 1916 facile
1284 1853 1458 1915 deinde
1493 1855 1802 1938 peccabitur„
1826 1854 2056 1915 Tandem

298 1957 584 2020 edendnm
612 1971 704 2032 est,
722 1980 864 2041 posse
879 1957 1045 2020 Deum
1054 1954 1258 2039 quidem
1289 1953 1509 2029 tolerare,
1540 1978 1641 2016 non
1663 1968 1824 2016 autem
1855 1957 2062 2040 probare

299 2057 455 2123 mlum
483 2061 592 2122 sine
610 2061 811 2127 scientia
836 2058 1119 2121 delirantem
1128 2081 1277 2130 3nam
1308 2070 1364 2118 ut
1393 2071 1447 2119 ut
1472 2059 1566 2142 ipsi
1597 2059 1708 2143 pius
1736 2058 1934 2119 affectus
1956 2057 2064 2142 pla·

298 2175 420 2237 oeat,
444 2161 548 2223 fieri
576 2175 742 2224 tanim
776 2184 880 2235 non
910 2174 1084 2246 potest,
1112 2162 1235 2244 quin
1265 2162 1360 2245 ipsi
1400 2174 1570 2222 contra
1610 2159 1861 2245 displiceat
1887 2184 2062 2245 parum

299 2266 412 2348 pius
436 2263 716 2349 prodendae
741 2263 889 2348 hujus
916 2258 1182 2325 affectionis
1210 2262 1426 2324 modus..

384 2364 710 2428 Dissimulare
737 2378 899 2427 autem
926 2389 1116 2450 nequeo
1130 2362 1349 2427 ‘alterum
1377 2366 1599 2427 scientiae
1626 2364 1880 2447 Qlecm,
1912 2379 1997 2427 aut
2022 2368 2065 2425 i-

301 2470 584 2551 gnorantiae
607 2467 905 2535 dominantis
917 2467 1135 2531 effectum
1164 2469 1216 2528 iu
1237 2467 1516 2530 hominibus
1535 2470 1647 2553 piis.
1670 2469 1911 2553 Undique
1935 2471 2064 2552 peri-

298 2570 410 2632 cula
437 2572 530 2656 ipsi
551 2572 737 2647 timent,
767 2571 982 2656 undique
1007 2569 1288 2633 scandalum
1311 2573 1577 2655 patiuntur.
1603 2572 1816 2648 Quoties
1846 2571 2065 2633 homines

299 2674 416 2754 Deo
440 2673 625 2735 aratos
649 2672 952 2758 conspiciunt
978 2693 1131 2759 aeque
1157 2696 1215 2734 ac
1241 2671 1419 2735 saeculi
1451 2672 1676 2749 cultores,
1706 2667 1837 2735 vitiis
1864 2674 2067 2735 effluen-

299 2786 390 2852 tes,
416 2788 467 2838 et
491 2773 686 2838 luxuria
713 2775 896 2851 foedos,
924 2789 974 2838 et
1007 2799 1319 2838 mammonae
1346 2778 1517 2860 potius
1540 2793 1688 2861 quam
1717 2777 1815 2838 Dei
1843 2775 2069 2854 laudibus

299 2877 547 2941 addictos·
577 2891 695 2940 tum
702 2881 956 2955 mirantur,
986 2901 1044 2940 ac
1071 2877 1285 2953 horrent,
1313 2892 1458 2963 atque
1473 2902 1538 2940 ex
1556 2880 1749 2942 intimis
1777 2880 2068 2964 praecordiis

300 2978 499 3058 doluit,
525 2999 584 3044 ac
611 2981 926 3064 indignantur
957 3005 1158 3044 suorum
1185 2994 1458 3065 temporum
1487 2982 1829 3059 conditionem.
1856 2984 1926 3043 Si
1952 2985 2062 3066 epi-

299 3104 487 3168 ecopus,
513 3085 559 3147 si
583 3084 852 3149 sacerdotes
879 3084 1245 3171 deprehendunt
1264 3086 1487 3166 sanguini
1506 3083 1784 3167 diligentius
1814 3109 1962 3170 qnam
1991 3083 2067 3146 al-

301 3187 400 3248 ἰπὶ
424 3188 700 3264 servientes,
728 3202 778 3251 et
804 3189 1067 3252 ambitione
1096 3187 1346 3269 turgidos,
1374 3199 1422 3248 et
1449 3189 1599 3249 sacris
1628 3190 1679 3249 in
1708 3212 1849 3250 suam
1877 3212 1979 3249 rem
2012 3211 2067 3247 a-

305 3280 543 3371 butentes,
567 3303 620 3352 et
648 3292 867 3355 Simonis
893 3314 1080 3354 veneno
1108 3291 1325 3353 afflatos.
1357 3290 1478 3375 quid
1497 3314 1600 3353 non
1628 3292 1920 3353 mussitant?
1946 3288 2065 3372 quid

306 3412 410 3452 nm
434 3395 831 3476 conqueruntur?
858 3397 1041 3458 Priora
1068 3392 1289 3457 ecclesiae
1317 3380 1510 3455 saecula
1536 3407 1649 3455 ante
1679 3418 1847 3454 eorum
1877 3390 2060 3462 oculos,

311 3505 459 3577 atque
482 3494 537 3555 in
565 3518 731 3557 eorum
760 3495 902 3558 labiis
926 3499 1160 3560 continuo
1187 3509 1450 3562 recurrunt.
1486 3498 1584 3557 De
1595 3496 1824 3576 religione
1856 3496 2066 3576 primae·
