2534 4296
533 407 656 468 308

525 522 732 586 alterum
761 523 994 600 studimi,
1013 526 1057 587 si
1082 526 1244 610 priore
1259 524 1407 588 etiam
1435 521 1579 607 longe
1606 522 1918 602 laudabilius,
1946 547 2101 611 neque
2129 539 2288 588 tamen

524 626 685 687 minus
712 622 831 688 utile
873 625 1152 700 dixerimus,
1182 621 1589 687 lumlentissimae
1617 627 1830 689 rationes
1857 623 1997 689 facile
2023 640 2288 701 oemrrent,

522 727 702 810 quibus
728 730 963 791 sententia
993 739 1161 789 nostra
1208 726 1439 790 firmetur.
1473 728 1652 807 Quum
1680 730 1845 814 itaque
1871 742 2062 792 versata
2101 732 2166 791 sit
2195 729 2290 792 ba·

522 818 689 892 ctcnus
718 833 878 892 oratio
906 842 1073 891 nostra
1107 831 1158 891 in
1191 831 1250 891 iis
1276 829 1637 915 persequendis,
1665 853 1793 916 qnae
1815 845 2035 916 spuunt
2060 832 2127 895 ad
2154 834 2290 895 inve-

517 930 781 1012 stigandas,
812 944 861 992 ct
887 929 1253 1015 consequendas
1296 928 1955 1002 sioemoeenlnburimas
1993 931 2285 997 christianae

516 1032 644 1105 fidei,
666 1032 1024 1117 catholimeque
1052 1030 1276 1096 ecelesiae
1297 1034 1550 1097 veritates.
1576 1046 1729 1098 restat
1755 1046 1812 1097 nt
1839 1036 1894 1098 in
1921 1046 2169 1118 postau-
2196 1058 2284 1100 ex-

514 1134 763 1220 plicemus,
806 1132 1215 1221 quemadmodum
1258 1138 1431 1211 etiam,
1460 1147 1510 1199 et
1553 1148 1808 1223 qnatenus,
1835 1137 2176 1202 annuntianda
2214 1139 2283 1201 nii

512 1251 660 1324 atque
687 1237 799 1301 aliis
814 1239 1213 1301 communicanda
1233 1238 1515 1324 hujusmodi
1547 1238 1772 1301 eruditio.
1801 1239 1884 1301 Et
1900 1238 1983 1301 hie
2008 1241 2170 1316 enim,
2176 1262 2282 1305 non

508 1362 645 1403 secus
671 1365 728 1404 ac
754 1343 807 1403 in
837 1343 1085 1428 superiore
1122 1343 1447 1459 navigatione,
1476 1339 1681 1427 scopuli,
1709 1353 1760 1403 et
1785 1342 1943 1419 sines,
1971 1354 2022 1405 et
2062 1340 2282 1442 pericula

510 1443 645 1504 varia
662 1441 992 1525 offenduntur,
1021 1468 1053 1507 a
1082 1445 1261 1529 quibus
1283 1446 1379 1507 nisi
1408 1458 1595 1506 mature
1620 1458 1991 1531 opportuneque
2009 1466 2282 1521 mre-mus,

508 1544 772 1609 verendum
796 1533 986 1642 &be
1010 1544 1200 1632 jactura
1230 1548 1315 1609 fiat
1343 1571 1446 1609 nou
1474 1546 1634 1609 solum
1656 1547 2025 1613 existimationis
2048 1560 2100 1611 et
2117 1549 2283 1610 nomi·

510 1649 604 1722 nis,
631 1646 718 1711 sed
745 1651 892 1711 etiam
919 1661 1136 1712 terrenae
1164 1652 1355 1734 quietis,
1383 1663 1433 1712 et
1459 1649 1679 1713 coelestis
1706 1649 1907 1714 demun
1930 1650 2190 1714 beatitatis.

596 1747 754 1814 Illud
774 1773 891 1833 ergo
918 1774 978 1813 ex
1020 1754 1241 1813 omnium
1268 1753 1560 1836 sapientium
1601 1774 1840 1816 consensu
1871 1749 2281 1838 explan-amin

506 1837 805 1946 Ρῐίιπὶεὶ-51,
826 1852 899 1915 nti
925 1854 980 1913 in
1008 1853 1285 1937 quaerenda
1311 1876 1370 1914 ac
1397 1852 1627 1915 diseenda
1654 1854 1872 1930 veritate,
1900 1855 1971 1916 ita
1995 1866 2048 1917 et
2074 1856 2129 1917 in
2157 1877 2279 1940 po-

508 1953 711 2016 serenda
730 1932 879 2045 alq'fie
905 1954 1174 2040 prodenda,
1203 1953 1593 2039 amplissimum
1578 1978 1656 2039 jus
1684 1968 1859 2044 patere
1874 1957 2080 2039 ingeniis
2104 1955 2281 2020 buma-
2331 1941 2341 1948 ⁴

505 2057 598 2118 nis.
627 2057 766 2119 Inter
793 2055 1136 2121 honestissima
1179 2055 1344 2133 simul,
1375 2056 1533 2133 utilia,
1562 2070 1613 2120 et
1653 2056 1961 2120 delectabilia
1988 2059 2121 2121 bona
2159 2081 2280 2143 pro-

507 2158 693 2219 ximum
720 2181 754 2219 a
780 2158 897 2220 Deo
924 2155 1085 2220 locum
1107 2130 1300 2233 veritas,
1332 2160 1499 2234 immo,
1517 2170 1573 2219 ut
1601 2157 1777 2220 melius
1795 2158 2028 2234 dicamus,
2054 2158 2278 2223 eumdem

504 2282 616 2321 cum
644 2261 754 2345 ipso
785 2258 948 2323 locum
990 2261 1178 2324 obtinet
1190 2285 1211 2334 3
1229 2262 1372 2323 Deus
1402 2262 1534 2323 enim
1553 2284 1762 2335 summa,
1790 2274 1838 2323 et
1858 2262 1966 2344 ipsa
1993 2262 2171 2324 veritas
2188 2274 2279 2337 est,

503 2365 641 2446 cujus
669 2361 934 2447 particulae
962 2366 1126 2426 variae
1153 2386 1212 2425 ac
1240 2365 1521 2425 innumerae
1548 2386 1600 2426 se
1628 2365 1682 2424 in
1710 2362 1966 2425 hominurn
1988 2375 2176 2427 mentes
2202 2366 2280 2427 in-

502 2464 741 2541 fundunt,'
761 2478 810 2528 et
839 2490 927 2551 per
955 2469 1123 2529 omnia
1149 2479 1311 2528 creata
1350 2478 1627 2528 excurrimt.
1661 2466 2004 2544 Quamobrem
2046 2468 2125 2530 mi
2156 2490 2278 2531 oon·

503 2569 614 2650 tigit
634 2571 904 2643 veritatem,
934 2569 1028 2631 boc
1047 2582 1136 2645 est,
1164 2570 1395 2631 eximium
1430 2568 1561 2630 istud
1592 2569 1778 2630 bonum
1806 2570 2052 2653 consequi,
2079 2567 2277 2632 nullum

503 2670 708 2733 dubium
737 2686 826 2746 est,
855 2674 975 2757 quin
1003 2685 1052 2734 et
1082 2670 1238 2746 liceat,
1267 2685 1315 2733 et
1342 2670 1479 2733 laudi
1505 2669 1741 2753 singulari
1768 2671 2054 2734 vertendum
2088 2673 2170 2748 sit,
2198 2695 2277 2735 re·-

502 2770 653 2857 liquis
680 2775 826 2835 etiam
857 2776 1029 2858 partiri
1060 2787 1161 2836 tam
1191 2771 1356 2836 nobile
1385 2774 1703 2859 divinumque
1731 2775 2096 2859 patrimonium.
2117 2774 2274 2837 Clu-i-

501 2877 648 2938 stiani
680 2875 892 2938 bominis
931 2890 1003 2939 est
1031 2875 1156 2939 alios
1196 2877 1380 2939 efficere
1407 2875 1645 2951 meliores,
1674 2890 1723 2939 et
1761 2877 2094 2961 sapientiores,
2121 2899 2275 2961 quum

500 2980 671 3063 possit,
702 2992 751 3041 et
780 2976 933 3041 luoem
948 3027 964 3054 ,
992 3003 1144 3064 quam
1175 2981 1269 3041 sibi
1297 2983 1614 3065 comparavit,
1643 3002 1950 3041 communem
1978 2976 2091 3040 aliis
2133 2976 2272 3041 velle.

501 3081 681 3166 Neque
711 3104 844 3155 vero,
873 3093 929 3143 ut
959 3084 1011 3143 iu
1041 3086 1242 3145 terrenis
1270 3084 1449 3167 opibus
1477 3081 1822 3145 distribuendis
1849 3095 1997 3165 atque
2033 3079 2273 3164 elargien-

499 3181 579 3245 dis
609 3183 848 3257 usuvenit,
886 3184 1143 3267 quisquam
1188 3185 1242 3245 lit
1270 3185 1433 3245 minus
1463 3206 1611 3267 quam
1639 3195 1784 3244 ante·
1824 3182 1975 3257 dives,
2002 3185 2275 3245 communi·

497 3298 611 3347 cata
641 3282 843 3370 reliquis
891 3284 1172 3347 bominibus
1200 3288 1415 3348 veritate.
1446 3283 1590 3347 Nihil
1620 3298 1875 3369 propterea
1904 3284 2131 3347 demetit
2169 3288 2274 3371 pri-

500 3402 618 3452 vato
646 3388 861 3451 bominis
888 3389 1093 3463 aerario,
1122 3401 1170 3451 et
1189 3391 1382 3451 animus
1410 3387 1696 3474 ditior-inde
1727 3389 1889 3473 potius
1906 3378 2270 3473 evadig'quun

499 3491 564 3555 ad
594 3492 761 3578 priora
790 3504 1077 3555 ornamenta
1106 3491 1300 3554 aeeedat
1330 3490 1637 3553 liberalitatis
1681 3488 1806 3565 laus,
1833 3504 1882 3553 et
1910 3492 2123 3554 caritatis
2162 3490 2268 3553 ffir-
