2534 4296
250 646 770 744 JOANNI
869 646 1337 724 PAULO
1434 650 2009 743 BIGNON,

772 833 794 841 ⁷⁴
822 815 989 868 nam
1014 833 1176 868 suen
1202 835 1436 882 omnum,
1472 819 1474 821 ’

332 933 527 968 matu
548 933 610 966 ιτ
633 932 958 968 conamina
982 933 1020 966 ι.
1044 933 1256 967 osuini
1280 931 1713 967 ›smenon-sus
1736 933 1934 980 uei-o,

747 1031 1445 1065 ιιιιιιιιιιιιιιιιιι
1458 1033 1505 1077 o,

450 1129 714 1171 urtumque
739 1129 1000 1163 mmmm
1023 1130 1384 1164 uscamnown
1409 1131 1469 1163 n·
1500 1130 1813 1164 sci-ninu-

954 1230 1181 1274 ΡΙΑΙίΙῦΙ,
1205 1230 1309 1261 Ιῗῦ.

681 1501 1571 1575 PRAEFATIO.

338 1882 550 2005 Ante
597 1939 834 2024 aliquot
872 1960 1066 2000 anuos
1109 1937 1189 2000 ad
1218 1938 1576 2000 umbilicum
1615 1941 1766 2003 mihi
1796 1941 2023 2027 perdu-

258 2054 395 2105 ctus
426 2055 524 2104 est
549 2064 723 2104 meus
753 2044 869 2130 iste
897 2043 974 2103 de
1001 2045 1378 2124 ingeniorum
1408 2042 1819 2107 moderatione
1847 2043 2019 2107 liber.

254 2145 381 2206 Cur
406 2145 460 2205 ia
483 2144 714 2205 tamdiu
746 2144 914 2228 apud
942 2165 1041 2205 me
1062 2143 1393 2214 dormierit,
1423 2154 1488 2204 et
1517 2154 1639 2205 tam
1669 2146 1895 2207 semin
1925 2146 2019 2208 lu-

250 2269 388 2309 cem
430 2246 708 2332 prodeat,
747 2267 875 2307 non
921 2247 1223 2330 optimum
1264 2245 1652 2308 horatianum
1697 2247 2022 2310 consilium

247 2352 314 2412 in
355 2371 539 2412 causa
583 2350 714 2423 fuit,
743 2349 858 2410 sed
901 2347 1263 2433 exemplaris
1304 2347 1410 2409 diu
1456 2350 1608 2431 vagi,
1653 2372 1725 2412 ac
1773 2341 2022 2413 tandem

252 2452 575 2538 deperditi,
592 2451 1152 2536 nonnullorumque
1183 2451 1442 2513 aliorum
1461 2463 1792 2515 eventuum
1816 2457 2022 2529 series,

252 2561 318 2617 in
340 2555 560 2640 quihus
591 2555 967 2639 explicandis
997 2576 1128 2617 non
1170 2567 1267 2616 est
1306 2577 1418 2616 cur
1440 2542 1571 2638 'ego
1599 2555 1862 2619 lectores
1894 2578 2025 2628 mo-

255 2659 406 2721 lesta
435 2669 516 2721 vet
555 2659 826 2721 fortassis
856 2658 1056 2721 inutili
1100 2658 1444 2721 narratione
1490 2659 1815 2722 detineam.
1860 2660 2024 2723 Illud

254 2762 522 2846 quidem,
552 2774 616 2823 et
658 2761 779 2824 alta
807 2783 979 2836 voce,
1008 2763 1163 2824 mihi
1204 2761 1616 2847 prodendum,
1646 2785 1873 2848 nempe
1918 2775 2021 2826 tua

251 2867 434 2928 unius
452 2865 852 2936 humanitate,
869 2864 1283 2927 Illustrissime
1307 2877 1371 2927 et
1388 2865 1734 2928 Clarissime
1765 2867 1892 2940 Vir,
1916 2867 2023 2928 de·

251 2970 440 3052 nique
467 2969 712 3042 factum,
732 2991 811 3030 ne
841 2968 1000 3030 liber
1025 2971 1142 3031 iste
1163 2969 1366 3032 adhuc
1398 2968 1678 3044 dormiat,
1702 2969 1886 3054 atqu‘e
1921 2971 2025 3032 de·

253 3070 507 3134 litescat.
538 3072 777 3135 Felices
809 3072 1190 3158 temporibus
1210 3074 1434 3135 nostris
1463 3072 1692 3147 literae,
1713 3095 1869 3157 quae
1899 3076 2024 3135 Lu-

252 3173 539 3237 dovicum
569 3177 857 3259 Magnum
900 3175 1237 3238 Galliarum
1267 3198 1475 3258 regem
1519 3175 1795 3238 habuere
1825 3188 2027 3261 patro-

252 3298 431 3352 num,
472 3282 727 3364 ejusque
772 3278 1201 3341 liberalitatem
1246 3279 1425 3341 adeo'
1450 3300 1724 3353 sensere,
1771 3283 2024 3366 ejusque

256 3381 538 3465 auspiciis
570 3389 805 3443 tantum
826 3402 1107 3456 crevere,
1142 3394 1211 3444 ut
1242 3382 1408 3444 nulla
1439 3404 1728 3466 umquam
1759 3394 1924 3444 aetas
1956 3402 2025 3441 o·

254 3477 473 3543 hlitura
504 3484 585 3544 sit
605 3485 1058 3566 'magnanimam
1089 3508 1299 3547 curam
1329 3484 1780 3568 consiliumque
1805 3485 2023 3567 optimi
