2534 4296
469 384 593 444 280

464 499 640 560 tentiae
666 521 912 561 sacrarum
943 498 1219 574 literar-mu,
1249 500 1455 584 fideique
1483 501 1771 562 firmissimis
1811 500 2111 562 domunculis
2137 523 2230 585 op-

462 601 600 683 poni.
628 599 765 663 Nam
804 603 845 663 si
877 603 927 662 iu
976 602 1248 664 indicandis
1275 604 1420 666 rebus
1460 602 1588 678 fidei,
1619 626 1745 700 quae
1772 606 1967 688 proprie
1994 604 2070 664 sui
2115 615 2232 664 suut

464 703 602 783 juris,
633 716 683 765 et
724 726 850 789 quas
879 702 1219 786 theologorum
1263 718 1336 767 est
1363 708 1516 780 scire,
1547 705 1664 766 baec
1703 705 1870 767 eadem
1913 705 2229 769 fundamenta

462 805 720 887 exiguntur
748 807 799 868 in
829 803 1155 869 ecclesiasticis
1183 804 1518 892 praesulibus:
1547 820 1736 891 quanto
1765 807 2100 890 magiseadem
2129 809 2232 869 exi-

464 907 621 987 genda
647 921 779 983 suut,
808 932 959 993 quum
990 907 1052 969 de
1089 906 1204 971 aliis
1229 910 1375 972 rebus
1401 910 1716 994 judicandum
1744 923 1834 1011 est,
1861 933 1987 1023 quas
2022 910 2088 972 ad
2114 908 2232 972 reli-

465 1009 658 1088 gionem
687 1033 790 1072 non
820 1024 921 1073 tam
951 1011 1149 1095 proprie
1176 1012 1418 1096 pertinere
1442 1011 1716 1087 diximus,'
1700 1013 1876 1074 immo
1886 1034 1982 1074 nos
2007 1014 2232 1095 ignorare

464 1112 571 1174 siue
597 1113 798 1174 crimine
825 1112 1119 1197 possumus?

555 1213 715 1300 Saepe
741 1229 902 1277 autem
920 1215 1118 1277 traditio
1146 1214 1456 1291 desideretur,
1477 1238 1621 1300 saepe
1647 1217 1793 1278 etiam
1809 1215 2068 1278 evidentia.
2095 1215 2234 1279 Nam

466 1339 581 1379 raro
602 1319 867 1400 contingat,
887 1332 943 1380 ut
960 1319 1022 1380 de
1038 1318 1268 1380 inanibus
1282 1317 1542 1381 saecularis
1561 1318 1850 1382 eruditionis
1869 1319 2235 1404 quaestionibus

466 1418 667 1481 traditio
683 1442 796 1482 vera
816 1421 1017 1481 attribui
1032 1422 1187 1504 possit
1215 1422 1439 1485 ecclesiae
1454 1421 1571 1481 Dei.
1595 1420 1897 1503 Hujusmodi
1926 1422 2236 1506 quaestiones

465 1517 545 1582 vel
588 1534 839 1606 tamquam
869 1521 1067 1584 inutiles
1115 1522 1455 1605 neglexerunt,
1501 1521 1581 1584 vel
1625 1535 1880 1607 tamquam
1918 1524 2235 1607 perniciosas,

465 1622 805 1709 humanaeque
831 1627 1121 1687 curiositatis
1160 1627 1390 1688 nutritias
1418 1625 1646 1707 fugeruut
1684 1628 1837 1687 sancti
1866 1639 2045 1711 patres.
2075 1626 2235 1703 Quod

463 1726 510 1787 si
536 1748 620 1787 ens
646 1738 1018 1811 pertractarunt,
1038 1741 1127 1790 aut
1152 1728 1326 1803 obiter,
1353 1741 1440 1791 aut
1467 1730 1613 1790 etiam
1640 1751 1699 1791 ex
1728 1729 1964 1845 ptol'oeso,
1982 1726 2238 1791 nihilo-i-

464 1850 561 1888 nus
587 1830 714 1892 tanti
741 1851 910 1890 eorum
937 1829 1068 1891 dicta
1096 1826 1259 1892 valere
1294 1829 1458 1892 noluit
1483 1829 1697 1905 ecclesia,
1727 1844 1783 1892 ut
1810 1832 2040 1948 ipsumm-
2069 1844 2239 1895 auct·-

465 1930 600 1990 ritati
628 1930 783 1992 fasces
810 1933 1079 1993 necessario
1114 1932 1454 1997 submitterent
1481 1934 1648 1994 omnia
1678 1946 1982 2016 posterorum
2026 1934 2238 2015 ingania,

464 2045 515 2094 et
557 2030 771 2116 legitima
800 2034 916 2095 inde
956 2028 1237 2097 traditionis
1272 2034 1615 2098 ecclesiastiae
1657 2036 1815 2099 forma
1843 2036 2052 2121 peteuda
2094 2036 2237 2099 smt.

465 2135 615 2197 Hanc
643 2136 863 2220 patribus
891 2138 1249 2198 venerationem
1277 2137 1496 2220 profecto
1525 2137 1779 2212 debemus,
1809 2161 1962 2222 quum
1991 2138 2056 2200 de
2084 2137 2241 2200 Chri-

464 2239 544 2312 sti‚
566 2250 614 2300 et
641 2235 879 2313 ecclesiae,
896 2251 946 2300 et
962 2261 1155 2301 morum
1178 2239 1400 2300 doctrina
1429 2237 1715 2324 loquuntur,
1733 2262 1937 2325 eamque
1963 2240 2238 2303 doctrinam

467 2341 521 2401 iu
546 2341 696 2402 sacris
723 2338 880 2403 literis
904 2343 1126 2404 unanimi
1165 2364 1403 2405 consensu
1430 2356 1695 2427 aponunt.
1727 2344 1790 2404 In
1835 2341 2039 2428 reliquis
2065 2343 2236 2428 posa-

466 2466 560 2505 nae
586 2441 865 2505 literaturae.
893 2445 1131 2529 partibus,
1158 2446 1313 2508 immo
1339 2447 1392 2507 iu
1421 2447 1543 2530 ipsis
1570 2447 1826 2530 scripturis
1847 2446 2238 2532 interpretandis,

466 2546 759 2630 ubimmque
785 2570 888 2609 non
905 2550 1067 2630 agitur
1094 2546 1302 2611 desalut
1361 2550 1377 2608 i
1406 2546 1494 2609 illa
1523 2548 1653 2624 fidei,
1682 2561 1732 2611 et
1752 2550 1970 2612 utitatis
1996 2549 2236 2626 doctrina,

466 2671 720 2734 uunquam
750 2651 820 2711 ita
849 2653 1116 2735 premimur
1142 2663 1286 2714 aucto
1329 2664 1443 2726 tate,
1473 2664 1559 2713 aut
1586 2652 1857 2727 sanctitate,
1886 2665 1973 2714 aut
1993 2652 2237 2742 eruditio-

466 2775 531 2815 ne
559 2756 820 2837 majorum,
848 2766 906 2815 ut
946 2755 989 2816 si
1018 2754 1139 2839 quid
1168 2752 1364 2829 melius,
1395 2756 1572 2830 verim,
1593 2768 1682 2817 aut-
1709 2753 1883 2817 saltem
1927 2754 2242 2819 verisimilius

466 2878 526 2918 ac
567 2854 872 2941 probabilius
898 2858 1043 2919 uobis
1084 2871 1332 2933 occurrat,
1366 2857 1602 2942 prolerre,
1645 2872 1795 2943 atque
1820 2860 1967 2921 etiam
2006 2858 2242 2943 adulare

466 2981 571 3021 nou
600 2957 758 3035 licat,
786 2959 905 3021 dum
934 2963 1198 3046 scripturae
1223 2975 1419 3023 sanctae
1446 2963 1698 3036 veracitas,
1722 2961 2032 3046 dignitasque
2058 2960 2242 3047 ubique

468 3062 648 3125 inum
674 3076 904 3125 servetur.
935 3065 1049 3125 Hac
1088 3062 1312 3127 libertate
1340 3063 1590 3149 limusque
1618 3076 1735 3126 sunt
1763 3065 1857 3139 usi,
1885 3076 2033 3148 atque
2077 3062 2243 3127 adhuc
2292 3045 2300 3063 ¹

454 3176 674 3230 ,utuntur
711 3167 1000 3228 recentiores
1036 3168 1384 3251 scripturarum
1426 3168 1726 3252 interpretes,
1755 3188 2023 3251 omnesque
2059 3166 2241 3229 eruditi

467 3268 1432 3355 catholicaeoommuniouigqnotiesiu
1464 3269 2078 3351 idgenusoouuoversias
2115 3270 2242 3332 inci·

467 3370 611 3449 dunt,
650 3394 811 3459 neque
852 3368 1197 3454 religionisibi
1241 3370 1709 3435 ducuutdissentire
1752 3372 2117 3457 apatribus‘m
2160 3373 2240 3448 fis,

471 3494 600 3558 quae
622 3494 931 3558 quommque
957 3471 1108 3535 modo
1133 3470 1447 3558 explicentur,
1474 3493 1532 3534 ac
1560 3470 1868 3547 dirimantur,
1886 3469 2081 3535 unllam
2105 3471 2237 3536 divi·-
