2534 4296
1971 426 2040 465 ”i

309 540 467 584 mei-
493 515 794 601 displiceret,
823 514 1048 599 quando
1062 537 1163 579 non
1192 518 1422 590 ambitio,
1462 536 1566 575 non
1589 516 1853 605 optandae
1884 406 2054 592 safn‘ae,

306 633 395 685 ad
423 614 737 681 nkdioendi
766 617 982 701 pmritus
1009 612 1157 690 ullus,
1190 637 1289 676 non
1320 627 1584 700 pastorum,
1612 612 1866 698 legumque
1894 620 2057 680 rectis-

301 721 532 783 danum
559 729 845 791 omnemtns,
873 739 1030 801 neque
1066 718 1160 778 mei
1190 718 1358 801 ipsius,
1385 716 1471 779 sed
1512 713 1919 791 nnius-eeclesiae,
1947 718 2058 780 reli·

299 820 552 913 §nisque
578 817 843 885 catholicae
858 842 1012 894 amor,
1044 840 1136 901 pro
1156 842 1254 903 qua
1275 819 1503 881 omnibus
1524 815 1839 901 vigilandum
1849 841 1949 883 esse
1966 843 2058 902 pu·

299 935 371 998 to,
398 936 449 986 et
474 942 565 1006 ego
600 922 929 987 lubentissime
955 924 1238 1004 sanguinem
1267 922 1431 984 darem
1454 970 1470 997 ,
1501 920 1623 984 mihi
1651 932 1707 982 ut
1731 919 1850 982 haec
1875 922 2055 984 scrihe-

303 1048 407 1089 rem
435 1038 606 1089 auctor
633 1025 743 1101 fuit,
771 1027 957 1087 utinam
980 1023 1125 1089 alicui
1155 1022 1309 1099 utilia,
1343 1027 1531 1087 utinam
1559 1025 1742 1086 nemini
1769 1024 2051 1107 perniciosa.

374 1127 604 1204 Nemini,
632 1130 850 1213 inquam,
877 1130 1177 1212 perniciosa3
1218 1150 1335 1189 uam
1363 1129 1415 1189 in
1443 1128 1723 1211 oppositum
1751 1126 1864 1188 huie
1891 1149 2054 1189 exca-

296 1252 407 1293 sum
433 1243 581 1315 atque
606 1231 811 1294 abusum
860 1231 1085 1315 equidem
1122 1232 1279 1292 sentio
1325 1229 1546 1292 hominm
1580 1227 1684 1291 labi
1724 1251 1879 1313 posse,
1907 1242 2055 1313 atque

296 1332 540 1395 interdum
568 1331 685 1409 labi,
712 1331 790 1395 vel
817 1357 969 1419 quum
999 1334 1050 1395 in
1079 1335 1233 1418 ipsius
1273 1331 1538 1394 catholicae
1565 1329 1788 1395 eoelesiae
1829 1334 1941 1394 sinu
1970 1332 2057 1394 de-

295 1444 434 1514 gunt.
463 1435 574 1495 Est>
593 1447 754 1496 autem
781 1433 904 1497 alter
930 1457 1148 1497 exooesns
1183 1432 1377 1496 licentia
1406 1435 1696 1517 opinionum
1726 1446 1831 1495 tum
1861 1435 1914 1494 iu
1941 1434 2054 1495 fidei

294 1556 355 1596 ac
377 1532 658 1619 disciplinae
670 1537 879 1616 negotio,
899 1548 1003 1596 tum
1033 1537 1084 1596 iu
1113 1532 1428 1597 ecclesiastica
1456 1534 1725 1596 eruditione
1755 1547 2054 1618 pertractan-

294 1633 377 1697 da.
419 1634 591 1703 Facile
631 1634 908 1716 intelligunt
936 1635 1157 1698 homines
1201 1638 1300 1698 non
1339 1635 1450 1698 rudi
1502 1638 1743 1710 minerva,
1772 1637 1949 1697 nimios
1978 1637 2053 1696 in-

273 1735 487 1802 -terdum
516 1761 573 1799 ae
590 1736 928 1803 intolerabiles
965 1739 1127 1801 frenos
1167 1739 1386 1801 adhiberi
1427 1741 1645 1819 ingeniis,
1682 1716 2052 1799 vitiolvidelicet

297 1841 695 1921 mag'sstratuum,
732 1864 823 1904 sua
861 1854 1126 1926 potestate,
1167 1843 1461 1926 optimisque
1499 1839 1684 1922 legibus
1732 1841 2046 1902 abutentium.

300 1941 402 2004 Sed
426 1960 580 2027 aeque
605 1944 779 2006 deinde
804 1967 906 2006 nou
936 1942 1225 2025 intelligunt,
1254 1946 1341 2028 qui
1369 1946 1467 2007 sint
1498 1942 1697 2023 legitimi
1729 1943 1850 2011 [reni
1890 1944 2051 2004 omni-

299 2045 393 2108 hus
416 2045 690 2109 christianis
709 2050 816 2132 jure
835 2046 1035 2121 ferendi,
1054 2060 1104 2109 et
1116 2070 1368 2131 quousque
1388 2045 1640 2130 procedere
1656 2047 1830 2107 merito
1850 2068 1908 2107 ac
1927 2068 2055 2128 pru-.

296 2146 464 2211 dmin
489 2151 642 2236 possit
668 2151 969 2231 ingeniorum
996 2148 1205 2213 libertas.
1238 2150 1374 2210 Hinc
1399 2171 1514 2229 ergo
1543 2150 1692 2210 totius
1723 2149 2052 2232 antiquitatis,

292 2263 665 2335 sanctorumque
690 2264 900 2336 patrum,
927 2265 977 2314 et
1003 2250 1224 2314 eeclesiae
1254 2253 1406 2335 ipsius
1432 2264 1739 2323 contemtus3
1765 2250 2050 2315 hinc-erro-

293 2374 395 2427 res,
422 2375 490 2414 ac·
511 2355 791 2416 tanerariae
817 2356 1071 2438 opiniones
1081 2380 1101 2426 ;
1144 2356 1283 2438 sique
1327 2357 1380 2415 in
1423 2356 1483 2415 iis
1509 2354 1791 2424 obfirmetur
1830 2354 2038 2426 animus,

292 2452 410 2516 him
432 2454 692 2518 schismata
711 2478 768 2517 ac
787 2455 1020 2531 haereses,
1034 2480 1064 2517 a
1094 2457 1275 2541 quibus
1300 2470 1460 2520 tamen
1490 2469 1544 2518 ut
1561 2479 1748 2540 semper
1774 2478 2050 2528 caveamus,

293 2579 396 2619 nou
423 2555 608 2620 solicite
632 2557 794 2621 solum
815 2561 1004 2622 monuit
1031 2557 1320 2644 Apostolus,
1337 2559 1421 2621 sed
1441 2561 1630 2634 (arins,
1658 2560 1843 2643 justitia
1860 2581 2049 2642 acpru-

293 2659 458 2741 dantia
483 2663 780 2744 apertissime
800 2664 1113 2748 praecipiunt.
1152 2664 1266 2724 Hos
1291 2676 1451 2724 autem
1483 2664 1784 2743 ingeniorum
1812 2661 1975 2722 frenos
2000 2662 2044 2720 i-

292 2762 444 2826 tidem
485 2763 656 2827 videor
680 2766 802 2828 mihi
843 2768 963 2829 satis
995 2768 1291 2851 expressisse
1335 2769 1384 2827 in
1415 2765 1510 2827 hoc
1544 2763 1687 2850 libro.
1732 2765 1916 2842 Quare
1935 2776 2047 2824 tan-

255 2895 258 2898 *
292 2865 404 2928 dem
431 2883 555 2948 rogo
574 2864 775 2931 lectores
817 2891 965 2943 meos,
1007 2882 1065 2930 ut
1114 2892 1215 2930 non
1255 2871 1417 2933 minus
1456 2866 1710 2950 diligenter
1736 2868 2042 2952 perspiciant,

290 2969 412 3052 quid
453 2971 577 3054 juris
614 2993 673 3032 ae
707 2969 943 3034 libertatis
984 2971 1202 3034 futurum
1239 2974 1304 3033 sit
1334 2973 1547 3053 ingeniis
1578 2970 1807 3034 humanis
1834 2971 1887 3031 iu
1917 2971 2043 3030 tanti

291 3073 522 3145 manti
547 3073 707 3147 rebus,
733 3095 884 3157 quam
912 3072 1034 3157 quid
1060 3072 1198 3135 steni.
1227 3073 1481 3156 Utrinque
1509 3072 1702 3133 veritati
1730 3094 1900 3133 nooere
1930 3093 2045 3154 pos·

200 3224 213 3247 ,
289 3193 472 3249 amn&
497 3175 580 3237 vel
605 3176 827 3252 nimium,
854 3173 931 3236 vel
962 3176 1109 3237 nimis
1123 3198 1298 3260 pamm
1318 3175 1462 3237 nobis
1490 3173 1765 3236 tribuendo.
1800 3174 1926 3250 Quo
1953 3172 2044 3233 do-

181 3297 186 3303 ’
289 3274 462 3338 dines
485 3278 944 3364 erimus‚magisque
962 3277 1315 3361 inaedogmatioe
1334 3301 1392 3340 ac
1420 3274 1655 3362 polemioe
1683 3274 1942 3357 theologia,
1969 3287 2043 3335 at-

289 3398 385 3460 que
409 3378 464 3440 in
487 3379 759 3443 eruditione
784 3383 988 3467 antiqua
1014 3383 1209 3462 versati,
1250 3403 1312 3444 eo
1337 3382 1526 3444 cautius
1563 3402 1621 3441 ac
1664 3378 1959 3440 moderatius
1988 3378 2039 3435 in

292 3477 463 3540 studiis
489 3501 548 3542 ar.
570 3483 886 3566 op‘nionibus
908 3482 1431 3567 nutrisprooedemus.
1458 3481 1741 3562 Ignorantia
1769 3478 1898 3551 hinc,
1929 3476 2040 3537 inde
