2534 4296
0 3055 26 3173 ἰ,

1859 424 1985 485 333

217 547 347 608 nmis
368 540 627 614 mabit,
656 540 742 624 qui
785 538 1072 601 baeretiem
1089 586 1106 613 ,
1136 551 1222 599 aut
1250 558 1528 622 perversam
1570 536 1754 621 profert
1796 552 1989 601 senten·

214 645 595 728 25..on
623 641 777 703 errori
804 640 1115 723 conjunxisse
1141 639 1471 723 pertinaciam.
1523 637 1675 721 Opus
1718 641 1864 700 etiam
1896 654 1985 715 est,

216 746 435 835 inpius
457 742 694 828 ejusmodi
723 743 997 808 sentemiae
1017 743 1143 803 inter
1169 762 1357 802 errores
1385 740 1451 802 ab
1477 737 1677 804 eoelesia
1707 754 1987 803 numeratae

213 849 517 924 &aaut
538 867 624 909 eae
648 847 764 920 sint,
792 868 919 930 quae
947 842 1026 907 vel
1046 846 1153 906 sine
1170 842 1396 906 ecclesiae
1415 843 1607 906 decreto
1625 845 1850 925 cognosci
1884 866 1985 904 non

210 946 408 1017 &ile
434 950 624 1034 possint
649 960 883 1031 tanquam
913 969 945 1008 a
973 967 1089 1007 vera
1118 943 1342 1007 eeclesiae
1370 944 1593 1007 doctrina
1621 941 1823 1005 alienae.
1853 941 1989 1004 Nul-

208 1048 316 1116 h
339 1063 504 1115 amem
529 1073 559 1114 e
584 1050 809 1135 patribus
827 1048 1040 1111 indimoe
1057 1062 1129 1111 ωε
1149 1050 1199 1109 in
1221 1050 1390 1132 aliqua
1413 1047 1646 1132 opinione
1667 1046 1847 1109 tuenda
1877 1069 1990 1131 per·

206 1153 417 1216 *intem
442 1152 678 1215 adversus
702 1149 993 1214 oetbolimm
1022 1148 1285 1212 eoeloeiam.
1323 1147 1531 1234 Alioqui
1578 1171 1681 1211 non
1710 1161 1989 1211 sanctorum

206 1267 405 1343 patrum
431 1253 565 1328 albo,
593 1254 679 1318 sed
707 1254 1056 1317 hau-eticomm
1086 1251 1171 1315 ille
1199 1255 1300 1337 jam
1328 1251 1500 1315 fuisset
1528 1253 1804 1337 inscriptus.
1835 1252 1993 1327 Prae-

207 1371 342 1423 ω
364 1360 407 1423 si
437 1360 548 1444 quis
575 1359 825 1420 commin
855 1377 1031 1442 parum
1058 1379 1181 1419 sana
1210 1356 1450 1418 sententia
1469 1367 1772 1417 constantem
1801 1378 1855 1417 se
1877 1378 1994 1439 pro-

211 1460 354 1538 dm,
381 1464 551 1547 utique
576 1484 633 1524 ea
666 1460 758 1523 suit
786 1461 1053 1534 sententia,
1082 1482 1211 1544 quae
1237 1460 1343 1522 sine
1370 1460 1588 1533 crimine,
1632 1471 1780 1543 atque
1809 1459 1993 1519 intacta

155 1568 157 1571 ’
213 1563 311 1628 fle
333 1562 573 1627 catholica
592 1564 760 1626 animo
776 1562 913 1624 indui
933 1561 1225 1647 defendique
1242 1561 1403 1624 adbuc
1425 1573 1633 1645 poterat,
1657 1563 1841 1645 qnippe
1864 1584 1994 1622 non-

214 1666 335 1729 dum
353 1667 472 1729 satis
497 1664 751 1750 explorata
770 1677 818 1726 et
846 1662 1071 1726 eeclesiae
1105 1661 1296 1726 mlculo
1313 1663 1535 1725 nondum
1564 1663 1860 1746 improbata,
1891 1663 1995 1724 sive

215 1768 462 1831 dumata.
500 1769 601 1830 His
628 1767 1001 1842 animadversis,
1033 1768 1222 1828 mrioeti
1251 1763 1401 1828 simul
1431 1779 1479 1827 et
1507 1766 1701 1827 veritati
1730 1764 1913 1826 sactum
1941 1787 1995 1827 e-

218 1872 285 1933 rit
309 1872 468 1943 satin
492 1893 650 1955 neque
677 1867 900 1951 religioni
929 1869 1023 1930 sibi
1053 1881 1223 1952 postea
1250 1867 1393 1929 dnoet
1435 1866 1656 1949 eruditus
1683 1869 1907 1952 scriptor,
1936 1890 1995 1928 ea

220 1973 273 2034 in
301 1974 483 2036 auidis
509 1972 732 2058 patribus
760 1971 976 2033 modeste
1004 1993 1227 2086 arguere,
1255 1993 1383 2054 quae
1413 1970 1545 2031 forte
1576 1970 1740 2032 absint
1767 1992 1799 2031 a
1827 1968 1995 2052 regula

220 2075 372 2138 totius
397 2073 638 2137 ecelesiae.
671 2075 747 2134 Et
776 2073 973 2158 quidem
1000 2073 1200 2135 nonnisi
1246 2070 1548 2147 laudandus,
1578 2074 1667 2156 qni
1715 2070 1997 2156 hujusmodi

217 2178 435 2239 utitatis
458 2175 750 2239 christianae
769 2189 898 2238 artes
925 2187 1140 2241 exeun-at
1168 2197 1262 2259 pro
1290 2174 1600 2236 vindicandis
1639 2174 1706 2235 ab
1734 2173 1920 2237 haeresi
1948 2188 1998 2236 et

218 2301 252 2340 a
277 2279 481 2341 erimine
506 2278 651 2364 (dum
679 2278 783 2339 fieri
812 2279 997 2363 absque
1019 2279 1238 2339 veritatis
1265 2279 1451 2359 jactura
1466 2275 1644 2362 possit)
1669 2275 1875 2360 reliquis
1902 2276 1997 2339 bo-

220 2381 439 2444 minibus
465 2394 613 2466 atque
639 2382 972 2465 scriptoribus.
1017 2380 1119 2442 Sed
1162 2379 1256 2441 boc
1285 2380 1566 2442 beneficium
1595 2381 1788 2463 potiore
1816 2382 1924 2464 jure
1966 2403 1998 2441 a

221 2483 660 2568 nobisexpoeiam,
689 2506 816 2568 qnos
843 2481 994 2565 vulgo
1020 2495 1184 2567 patres
1211 2482 1433 2558 dicimus,
1446 2484 1543 2543 viri
1570 2504 1746 2566 nempe
1773 2481 1998 2543 doctrina

220 2587 474 2650 sanctitate
500 2599 551 2648 et
576 2609 715 2648 sacro
741 2587 1010 2647 ministerio
1030 2582 1317 2670 plerumque
1362 2587 1589 2668 insigna,
1618 2597 1670 2648 et
1690 2586 1757 2646 ab
1784 2585 1893 2669 ipsa
1921 2607 1997 2646 ec·

222 2688 368 2752 desia
396 2688 598 2752 laudati.
631 2690 974 2767 Quamobrem
1002 2687 1296 2750 christianus
1316 2688 1479 2773 pudor
1504 2690 1559 2751 in
1588 2690 1652 2751 iis
1679 2687 1998 2762 desideratur,

160 2859 165 2864 ,
222 2794 308 2877 qui
337 2793 533 2855 acribus
548 2794 765 2855 renisuris
791 2804 895 2853 tam
924 2791 1199 2853 veneranda
1247 2793 1406 2875 capita
1447 2790 1694 2854 interdum
1737 2792 1997 2873 exagitant.

221 2894 526 2980 Neutiqnam
554 2918 673 2957 vero
700 2908 808 2956 tum
840 2894 1027 2957 serendi
1054 2917 1307 2969 censores,
1351 2917 1506 2979 quum
1534 2917 1638 2957 non
1666 2892 1829 2957 solum
1860 2917 2002 2956 veros

221 2997 505 3061 inmodeste
527 2999 588 3060 iis
613 3021 803 3060 erroroe
829 2998 1086 3083 objiciunt,
1114 2997 1200 3060 sed
1224 2996 1375 3059 falsos
1402 2999 1552 3059 etiam
1564 2996 1826 3079 affingunt,
1855 3010 2003 3081 atque

226 3102 280 3162 in
305 3123 475 3163 eoi-um
490 3100 628 3163 libris
642 3100 1000 3186 reprehendunt
1015 3123 1244 3183 germana
1271 3098 1495 3163 eeclesiae
1521 3098 1787 3162 catholicae
1800 3098 2004 3181 dogma·

225 3214 295 3265 ta.
321 3203 516 3265 Verum
541 3203 696 3266 debis
717 3206 891 3265 iterum
919 3206 1013 3265 erit
1039 3203 1213 3284 agendi
1243 3202 1395 3277 louis,
1416 3203 1501 3264 nbi
1533 3225 1564 3263 a
1591 3225 1794 3265 censura
1807 3201 2003 3263 Joban-

229 3305 309 3368 n'u
333 3304 614 3392 Pbereponi
642 3321 866 3369 sanetum
893 3307 1226 3389 Augustinum
1256 3305 1624 3368 vindicabimus.

317 3407 536 3470 Deum
564 3411 616 3470 in
645 3411 845 3471 veritate
873 3409 1128 3485 exerenda,
1157 3410 1500 3493 erroribusque
1516 3406 1685 3492 palam
1715 3403 2002 3467 insectandis

234 3507 446 3569 mai-a
473 3509 757 3592 prudentiae
784 3509 1009 3572 habenda
1037 3522 1109 3571 est
1139 3511 1282 3584 ratio,
1301 3511 1407 3571 sine
1419 3511 1557 3590 cujus
1586 3507 1732 3569 ductu
1761 3503 1839 3565 vel
1870 3506 2002 3587 ipsae
