2534 4296
1859 448 1984 512 353

224 562 382 646 gionis
405 558 665 648 perniciem
693 557 971 642 conspirare
996 555 1348 620 haereticorum
1377 556 1743 643 impudentiam,
1773 574 1820 622 et
1849 562 1992 625 adul-

224 664 425 728 terinam
442 661 811 746 ‘superstitiosae
839 661 993 743 gentis
1022 660 1380 746 pietatem'lEt
1409 659 1524 723 hinc
1552 662 1653 723 itur
1681 662 1734 723 in
1762 662 1991 740 errorem,

221 762 518 830 d‘bossdibus
545 785 772 824 censurae
807 764 1007 826 materia
1037 764 1351 826 ministratur.
1388 764 1729 844 Quamobrem
1770 763 1991 828 ecclcsiae

221 865 320 931 m
347 865 615 929 muudum
645 856 733 927 cst
758 888 790 927 a
828 866 1196 948 superstitione,
1238 877 1286 928 et
1325 889 1559 952 perquam
1599 862 1808 942 solicite,
1838 888 1993 953 quum

218 957 407 1032 Bfflius
435 989 607 1030 nocere
633 964 822 1030 soleant
851 989 908 1029 ac
927 970 1118 1053 possint
1145 966 1335 1044 occulti,
1367 991 1518 1054 quam
1549 970 1703 1055 api-ti
1734 963 1912 1044 hostes,
1945 981 1995 1031 et

131 1096 141 1110 ·
217 1067 407 1133 dulcius
433 1071 669 1132 bibantur
687 1091 887 1145 errores,
909 1071 1101 1155 pietatis
1128 1067 1339 1133 colorem
1370 1093 1486 1156 prae
1513 1094 1565 1134 se
1595 1070 1812 1148 set-emes,
1842 1093 1992 1158 quam

215 1169 455 1260 peullam,
483 1186 531 1235 et
559 1185 753 1258 aspectu
784 1174 944 1257 primo
973 1172 1218 1248 deformis,
1251 1176 1514 1260 impiorum
1543 1173 1779 1235 doctrina.

247 1274 252 1307 ³
305 1276 480 1361 ltaque
508 1298 611 1338 non
650 1273 812 1338 solum
840 1275 1093 1352 conducit,
1133 1276 1218 1338 sed
1258 1297 1383 1362 opus
1412 1289 1484 1339 cst
1511 1274 1694 1338 habere
1736 1276 1992 1362 εει-ἰρίοται

215 1377 354 1464 pius,
382 1390 531 1464 ‘atque
559 1376 814 1462 theologos
850 1380 1088 1463 exquisita
1117 1380 1389 1441 eruditione
1419 1377 1621 1465 zeloque
1658 1381 1766 1464 pari
1795 1380 1992 1463 conspi-

214 1500 359 1558 moe,
388 1482 474 1568 qui
501 1483 829 1566 superstitioni
860 1481 1121 1543 identidem
1149 1480 1431 1567 pullulanti,
1460 1494 1508 1545 et
1542 1496 1709 1544 contra
1729 1479 1993 1544 catholico-

216 1595 325 1647 mtn
348 1581 630 1670 praesulum
655 1585 774 1646 scita
802 1606 859 1644 ac
887 1572 1094 1647 mentem
1116 1587 1351 1668 regnanti,
1380 1609 1482 1648 sese
1509 1587 1714 1671 impigre
1741 1587 1990 1671 objiciant,

215 1683 439 1772 styloque
466 1684 647 1749 bellum
678 1687 903 1748 inserant
937 1688 1114 1764 Quum
1137 1688 1188 1749 id
1218 1688 1431 1750 modeste
1460 1688 1818 1773 prudenterque
1846 1711 1991 1772 pera-

191 1790 374 1872 gitur,
401 1788 522 1874 quid
560 1789 747 1851 invidus
783 1787 1004 1852 eeclesiae
1041 1793 1357 1852 necessariam
1397 1788 1625 1852 utilemve
1661 1790 1993 1852 medicinam?

221 1882 333 1953 Cur
358 1904 461 1954 tam
492 1889 632 1953 facile
660 1915 827 1953 eorum
856 1893 1046 1976 scriptis
1075 1890 1229 1953 luoem
1259 1916 1432 1975 negas,
1462 1905 1548 1955 aut
1584 1893 1771 1977 eripis?
1801 1892 1991 1955 Omnia

218 1994 368 2056 ferme
382 2007 657 2056 unctorum
675 2006 888 2079 patrum,
909 2007 957 2055 et
977 1996 1290 2080 antiquorum
1313 1993 1562 2058 volumina
1586 1994 1776 2081 aliquas
1806 1994 1991 2059 habeut

217 2094 368 2160 salsae
394 2098 588 2183 pictatis
616 2097 955 2159 accusationes.
979 2098 1144 2159 Immo
1173 2099 1431 2160 acerrimae
1460 2098 1594 2184 apud
1622 2095 1737 2160 illos
1763 2095 1992 2181 leguntur

215 2199 491 2274 orationes,
520 2197 690 2284 quales
730 2222 792 2260 ne
821 2200 1001 2261 imitari
1045 2199 1241 2284 quidem
1271 2222 1471 2286 prorsus
1510 2224 1603 2263 nos
1644 2199 1906 2276 vellemus,
1938 2201 1989 2262 in

213 2308 464 2386 dtrrnptns
500 2299 786 2363 clericorum
825 2314 871 2363 et
906 2301 1260 2363 monachorum
1299 2325 1491 2379 mores,
1530 2305 1583 2365 in
1630 2300 1989 2388 superstitiosas

214 2408 484 2489 parumque
522 2404 632 2487 pias
658 2404 1058 2481 consuetudines,
1086 2406 1140 2466 in
1168 2403 1413 2467 licentiam
1442 2406 1760 2491 opinionum,
1791 2417 1840 2468 et
1868 2406 1989 2467 vitia

216 2493 508 2594 pnesulum.
538 2503 700 2568 Nulla
729 2506 843 2567 inde
871 2519 1034 2568 tamen
1062 2506 1293 2570 scandala
1328 2521 1623 2594 consequuta
1650 2521 1782 2584 sunt,
1811 2521 1858 2570 et
1886 2505 1988 2569 illis

216 2623 360 2670 nemo
386 2621 645 2671 suosmet.
667 2609 778 2672 Nos
807 2609 928 2672 adeo
949 2609 1140 2673 delicati
1170 2613 1427 2686 evasimus,
1457 2625 1513 2673 ut
1542 2632 1604 2674 ne
1614 2606 1763 2674 leves
1791 2610 1988 2696 quidem

216 2720 481 2815 puncturas
520 2706 682 2775 ferre
672 2714 943 2797 possimus,
973 2726 1119 2799 atque
1156 2727 1367 2776 extrema
1397 2714 1511 2777 inde
1548 2730 1737 2800 semper
1764 2712 1895 2776 mala
1923 2716 1988 2776 ti·

87 2832 89 2834 ·
216 2810 445 2876 mamus.
475 2817 755 2891 Erunt,1ta
782 2839 861 2878 me
887 2817 1030 2879 Deus
1047 2829 1191 2893 amet,
1222 2819 1307 2903 qui
1338 2831 1384 2879 et
1405 2817 1537 2880 hunc
1562 2816 1745 2880 librum
1765 2831 1988 2880 censeant

214 2899 299 2979 ad
307 2919 622 3004 temeritatem
639 2919 875 2995 accedere,
906 2942 1203 3005 quamquam
1223 2933 1325 2982 tam
1348 2919 1444 2983 levi
1473 2919 1674 2984 brachio
1701 2919 1907 2983 infelix
1894 2932 1987 2983 ista

214 3006 470 3084 morositas
490 3025 852 3108 perstringatur.
873 3025 946 3086 At
974 3022 1116 3086 aliter
1133 3026 1357 3101 sentient,
1387 3036 1626 3111 quantum
1648 3025 1845 3111 quidem
1873 3046 1985 3109 spe-

216 3100 299 3199 ro,
307 3122 584 3189 doctissimi
614 3139 761 3213 atque
788 3125 1147 3212 prudentissimi
1178 3130 1305 3190 inter
1333 3126 1611 3191 catholicos.
1645 3128 1851 3213 Quippe
1881 3129 1986 3189 istis

219 3224 500 3307 jamdudum
529 3227 836 3315 exploratum
866 3244 953 3308 est,
983 3232 1133 3293 nimis
1162 3229 1320 3294 felicia
1350 3231 1469 3308 sore,
1500 3232 1646 3310 nimis
1674 3253 1986 3316 progressura

221 3318 373 3404 ruffi,
383 3327 427 3391 si
442 3332 518 3392 rie
529 3353 658 3394 nnus
682 3333 879 3418 quidem
900 3348 1069 3397 contra
1097 3333 1280 3398 hiscere
1301 3335 1531 3407 auderet;
1558 3346 1606 3397 et
1626 3332 1847 3396 ecclesiae
1867 3354 1983 3392 cau-

221 3444 324 3491 sam
352 3438 453 3494 non
481 3435 644 3497 minus
672 3437 777 3518 agi,
807 3461 959 3522 quum
987 3451 1238 3501 externum
1280 3437 1545 3501 haereticae
1574 3439 1821 3500 doctrinae
1851 3437 1982 3494 virus

224 3532 288 3591 ab
316 3532 422 3616 ipsa
450 3547 667 3611 arcetur,
698 3561 843 3621 quam
874 3563 1026 3623 quum
1056 3542 1246 3603 interna
1275 3542 1552 3625 superstitio
1591 3539 1703 3601 inde
1732 3537 1983 3622 perturba-
