2534 4296
508 402 634 463 330

500 516 858 582 “criminando
875 517 1169 580 adversario.
1200 517 1359 595 Quod
1387 518 1584 603 quidem
1612 542 1767 604 quum
1783 518 1910 583 nibil
1929 519 2153 584 utilitatis
2165 544 2273 586 sae-

499 619 2310 709 pemleratcausae,·quadeagitur‚idunumpotest,utadinboue·‚
2395 610 2400 614 ’

496 735 624 786 stam
652 721 895 808 vitemque
931 721 1194 783 vindictam
1222 722 1470 796 insaniat,
1510 723 1713 808 quando
1750 724 1817 787 ad
1859 726 2039 808 juniam
2068 724 2272 788 metam

498 821 2274 910 nmpotmpammcoetevidmturamti,quibaeartequicquan

498 949 595 1012 pro
619 949 673 989 se
699 925 1003 1011 profecturos
1029 938 1438 1010 secssesperant.
1462 923 1691 987 Vulnera
1717 926 1915 1010 quidun
1944 928 2158 1003 inimico,
2184 927 2273 992 sed

498 1026 960 1092 sibisalutemnon
992 1026 1555 1102 creabunt,abeouon
1585 1026 2272 1113 dissimilesquisenona-

498 1128 1194 1207 varum,etnondementem
1222 1129 2274 1214 pmbammidmmmmdomnh-

499 1232 620 1296 dum
648 1234 814 1308 sumit,
842 1255 893 1295 se
922 1232 1048 1293 inter
1074 1254 1251 1294 avaros
1277 1238 1425 1316 atque
1452 1230 1697 1294 dementes
1723 1229 1886 1294 solum
1913 1254 2018 1295 non
2047 1254 2167 1295 essa

586 1336 726 1398 Fieri
754 1349 916 1397 tamen
944 1347 1119 1419 potest,
1148 1346 1205 1396 ut
1234 1357 1336 1396 non
1364 1332 1507 1396 liceat
1533 1330 1712 1409 solum,
1755 1333 1843 1396 sed
1870 1335 2017 1396 etiam
2045 1333 2275 1418 quando-

495 1462 593 1523 que
619 1439 860 1524 expediat,
889 1440 942 1499 in
964 1438 1353 1500 adversariorum
1381 1460 1543 1499 mores
1570 1450 1619 1498 et
1638 1438 1845 1498 crimina
1873 1438 2133 1522 inquirere,
2161 1459 2275 1499 no-

496 1541 764 1604 derationis
802 1554 965 1603 tamen
1009 1563 1069 1602 ac
1111 1541 1328 1602 veritatis
1364 1562 1482 1601 cura
1525 1561 1780 1624 nunquam
1823 1540 2050 1623 seposita.
2094 1540 2273 1617 Qum

496 1666 672 1728 nempe
713 1643 780 1706 ad
809 1644 1028 1705 veritatis
1062 1655 1113 1705 et
1139 1644 1443 1704 innocentiae
1470 1642 1770 1727 praesidium
1810 1641 1926 1703 facit
1952 1641 2121 1704 endem
2164 1643 2272 1726 ipsa

495 1769 689 1809 morum
730 1758 782 1808 et
819 1747 1080 1807 criminum
1119 1742 1354 1807 revelatio
1369 1791 1384 1805 .
1427 1745 1732 1828 Huiusmodi
1772 1743 1876 1807 telo
1913 1768 2274 1831 nonunquam

493 1846 868 1911 calumniatores
896 1845 1099 1908 feliciter
1125 1844 1446 1932 repelluntur,
1478 1859 1528 1909 et
1557 1848 1608 1908 in
1640 1846 1821 1908 sorensi
1850 1845 2111 1932 palaestra,
2130 1869 2191 1910 ac

496 1951 802 2013 orationibus
829 1950 1095 2035 judiciariis
1135 1946 1323 2011 multus
1349 1971 1454 2011 oese
1481 1961 1643 2034 potest
1672 1947 1807 2011 illius
1839 1972 1974 2012 usus.
2011 1951 2276 2013 Praeterea

497 2076 707 2138 aequum
735 2051 882 2115 simul
910 2066 960 2115 et
988 2049 1237 2114 laudabile
1264 2051 1375 2127 suit,
1403 2053 1624 2114 moribus
1652 2075 1838 2127 eorum,
1874 2054 1962 2138 qui
1989 2052 2277 2146 recentiores

496 2156 716 2219 haeroees
741 2157 1017 2230 condidere,
1048 2154 1181 2218 litem
1211 2155 1472 2218 intendere.
1503 2156 1698 2241 Nempe
1742 2179 1807 2218 ne
1835 2157 1932 2219 hoc
1959 2156 2157 2242 quidem
2183 2180 2278 2242 po·

495 2274 728 2323 strcmum
756 2273 861 2323 erat
888 2272 1225 2343 argumentum
1255 2260 1490 2343 pessimae
1534 2257 1737 2321 illomm
1779 2282 1968 2334 causae,
1996 2282 2155 2344 neque
2181 2282 2275 2344 pa·

495 2385 606 2423 rum
627 2362 922 2424 conducebat
949 2362 1014 2424 ad
1044 2363 1293 2424 veritatem
1322 2359 1588 2423 catholicae
1616 2359 1844 2423 ecclesiae
1862 2361 2171 2425 firmandam.
2191 2363 2276 2425 Ut

494 2462 741 2526 ecclesiam
769 2466 911 2527 istam
940 2488 971 2527 a
999 2464 1363 2547 verafidejam
1392 2462 1694 2548 prolapsam,
1731 2477 1782 2526 et
1821 2462 2276 2528 amultissaeculis

493 2566 805 2643 invisibilem,
834 2566 980 2630 idolis
1007 2581 1056 2631 et
1082 2566 1393 2630 Antichristo
1420 2568 1723 2642 servientem,
1748 2569 2071 2644 restituerat,
2090 2568 2276 2631 divini·

495 2683 579 2732 tus
602 2672 890 2733 constitutos
916 2670 1213 2746 Lutberum,
1236 2668 1539 2752 zuinglium,
1571 2667 1860 2745 Calvinum,
1873 2683 2022 2756 atque
2050 2669 2180 2734 alios
2219 2671 2275 2734 id

495 2795 647 2855 genus
676 2772 913 2849 homines,
957 2774 1240 2837 dictitamnt
1280 2795 1451 2835 eorum
1478 2786 1751 2836 sectatores.
1791 2774 1907 2835 Hos
1934 2774 2274 2837 extraordina-

494 2876 598 2938 rios
625 2877 775 2950 viros,
815 2876 1200 2938 extraordinaria
1238 2887 1288 2938 et
1315 2873 1508 2937 coelem
1538 2877 1791 2938 vocatione
1826 2876 1892 2939 ad
1920 2874 2167 2940 ecclesian
2195 2899 2275 2939 re·

494 2976 803 3040 formandam
833 2980 1021 3052 missos,
1043 2975 1373 3064 appellabant.
1398 2978 1590 3042 Verum
1612 3001 1765 3062 quum
1794 3001 1954 3041 novos
1982 2979 2128 3043 hoeoe
2155 3002 2273 3064 pm-

493 3079 669 3164 phetas
694 3103 788 3142 nos
814 3080 1143 3155 ostendamus,
1171 3103 1273 3143 non
1300 3078 1463 3142 solum
1491 3081 1722 3142 omnibus
1754 3081 2103 3165 prophetarum
2129 3081 2276 3146 donis

493 3183 720 3258 aruisse,
749 3182 835 3245 sed
860 3183 1006 3245 etiam
1039 3180 1207 3263 multis
1233 3183 1507 3245 abundasse
1533 3184 1682 3257 vitiis,
1713 3204 1871 3267 neque
1902 3182 2130 3248 meliores
2156 3208 2275 3249 eva·
2387 3238 2389 3241 .
2504 3207 2505 3211 ’

495 3286 630 3361 sisse,
666 3286 847 3370 quiin
889 3307 1059 3348 ωτιιιιι
1099 3283 1407 3371 disciplinam
1443 3298 1493 3348 et
1534 3285 1763 3368 dogmata
1801 3307 2091 3363 concessere,
2132 3290 2276 3351 siniti

374 3471 380 3476 .
494 3385 896 3473 praetermultos
937 3384 1497 3473 alioslocupletissimus
1540 3380 2274 3454 testisDesideriusEramns

496 3487 1278 3574 affirmattcuinampmuadere
1322 3490 1371 3551 iu
1404 3502 1650 3574 postemm
1689 3504 2274 3575 seposseputantuou-
