2534 4296
412 483 422 491 .
543 428 670 488 336

529 545 648 605 satis
677 546 951 620 instructus,
980 545 1114 630 quod
1146 547 1380 630 Pyreum,
1410 548 1511 609 sive
1542 544 1773 632 templum
1802 544 2068 629 gentilium,
2099 547 2295 607 evertis«-

530 659 618 722 set,
647 658 751 709 tum
781 648 831 708 in
859 670 927 724 se,
961 660 1063 709 tum
1097 650 1145 708 in
1170 645 1398 734 reliquos
1414 648 1600 724 fratres,
1630 661 1776 733 atque
1805 650 1855 709 in
1884 661 2055 710 motta
2074 647 2294 709 christia·

530 771 705 811 norum
736 747 915 835 templa
945 750 1204 812 concitavit
1237 751 1360 812 iram
1390 752 1576 813 Persici
1595 753 1733 834 regis.
1751 750 1944 835 Utique
1966 750 2197 832 martyria
2226 749 2294 810 se-

529 849 680 914 liciter
708 875 764 915 ac
793 852 980 915 sortiter
1019 852 1365 914 dimicantibus
1395 850 1594 915 utilitati
1636 866 1752 914 sunt
1778 864 1824 913 et
1854 849 2051 933 gloriae.
2082 850 2184 914 Sed
2210 874 2293 913 ac·

526 954 753 1017 menda
771 956 876 1016 sine
907 955 1189 1015 necessitate
1206 976 1307 1016 non
1340 966 1472 1029 sunt,
1494 977 1558 1016 ue
1578 966 1788 1016 tentetur
1807 954 1964 1027 Deus,
1984 975 2049 1015 ue
2066 966 2294 1016 constan-

525 1056 596 1118 tia
639 1070 803 1118 nostra
835 1056 1006 1118 mediis
1049 1057 1101 1116 in
1135 1056 1431 1117 cruciatibus
1474 1054 1786 1140 periclitetur,
1814 1068 1901 1116 aut
1939 1052 2111 1117 saltem
2139 1077 2203 1117 ue
2240 1058 2293 1119 in

528 1157 715 1233 fratres,
744 1170 891 1243 atque
935 1159 987 1219 in
1014 1154 1280 1233 eoelesiam,
1309 1155 1612 1219 miserandae
1652 1153 1947 1218 calamitates
1974 1167 2027 1217 et
2053 1168 2296 1241 patrm

526 1261 833 1322 incommoda
863 1283 951 1345 per
980 1259 1355 1344 imprudentiam
1374 1271 1591 1321 nostram
1621 1258 1915 1321 deriventur.
1939 1258 2075 1323 Vide
2101 1257 2293 1324 meilii

523 1360 814 1425 Illiberitaui
843 1386 1077 1426 canonem
1107 1364 1240 1438 Lx,
1272 1375 1417 1447 atque
1452 1363 1503 1425 iu
1541 1385 1654 1425 eum
1685 1361 1960 1424 Meudoeae
1998 1376 2047 1425 et
2075 1363 2296 1447 Agduni

526 1467 912 1529 commentarios.

599 1567 686 1630 Ad
702 1568 834 1646 haec,
850 1570 1067 1631 veritatis
1086 1569 1450 1653 praedicatores,
1468 1580 1514 1629 et
1532 1569 1837 1630 insectatores
1848 1590 2067 1631 errorum
2083 1567 2296 1655 potho-

525 1672 593 1732 tia
626 1673 932 1733 circumstare
961 1672 1117 1747 debet,
1150 1683 1296 1755 atque
1326 1670 1552 1746 iudimre,
1575 1693 1701 1756 quae
1726 1669 1973 1743 scandala,
1993 1672 2083 1757 qui
2109 1669 2295 1734 tunul-

525 1786 622 1848 tus,
637 1795 820 1857 quaeve
841 1770 939 1834 alia
958 1772 1263 1842 incommoda
1281 1774 1509 1857 consequi
1524 1774 1713 1857 possint
1735 1775 1984 1836 veritatem
1995 1786 2085 1837 aut
2099 1786 2295 1837 eoten-

525 1897 660 1959 pore,
687 1888 772 1956 aut
798 1898 858 1937 eo
878 1874 1006 1950 loco,
1021 1887 1109 1937 aut
1137 1898 1195 1937 ea
1217 1876 1404 1936 ratione
1426 1874 1825 1958 depraedicatam.
1842 1877 1900 1936 Si
1914 1898 2101 1940 muru
2119 1878 2175 1939 in
2202 1876 2295 1940 do-

524 1977 731 2037 ctrinam
747 1974 935 2044 Christi
954 1977 1152 2037 minime
1166 1988 1402 2060 pugnant,
1415 1971 1769 2061 nonnunquam
1783 1977 1943 2039 minus
1955 1975 2141 2039 malum
2152 1977 2298 2041 suu-tt

524 2075 731 2140 tolerare
747 2076 1007 2163 paulisper,
1026 2092 1074 2140 et
1090 2077 1306 2164 proderit
1338 2078 1529 2141 differre
1556 2068 1822 2141 ceu‘suram.
1835 2081 2007 2142 Animi
2028 2101 2214 2163 regum,
2240 2103 2295 2142 e·
2527 2156 2534 2167 .

527 2178 705 2265 xempli
721 2203 878 2257 causa,
896 2181 1213 2266 exasperandi
1233 2182 1299 2242 ita
1322 2203 1423 2243 non
1441 2194 1554 2243 sunt
1575 2194 1775 2266 propter
1802 2180 2083 2266 hujusmodi
2108 2203 2295 2255 cauas,
2317 2215 2337 2238 .
2520 2176 2534 2254 1¹

526 2297 579 2345 ut
594 2308 677 2347 eos
695 2286 766 2346 ira
784 2297 931 2368 atque
952 2285 1154 2346 ambitio
1173 2284 1236 2346 ad
1250 2283 1472 2346 'schisma
1499 2284 1680 2359 trahat,
1700 2296 1847 2368 atque
1866 2284 1931 2345 ad
1945 2281 2192 2347 eeclesiam
2211 2307 2295 2346 ve-
2339 2361 2341 2364 .
2517 2262 2534 2384 l

524 2410 725 2471 ramque
755 2385 1036 2469 religionem
1065 2386 1366 2472 ejurandam.
1400 2388 1731 2448 Teterrimum
1761 2384 1943 2448 malum
1971 2386 2178 2449 sthbma
2204 2401 2292 2450 est.
2515 2386 2534 2474 ξ

526 2490 643 2551 Vae
671 2492 775 2550 sine
804 2492 991 2552 ratione
1019 2490 1357 2552 conflantibus.
1387 2489 1487 2551 Sed
1516 2511 1610 2551 vae
1637 2490 1697 2551 iis
1717 2491 1880 2565 etiam,
1910 2492 1996 2575 qui
2016 2490 2295 2575 hpudev
2516 2478 2534 2512 ὃ

526 2603 600 2653 ter
627 2590 871 2653 solicitant
887 2590 1011 2654 alios
1042 2593 1107 2655 ad
1137 2606 1238 2656 tam
1262 2591 1595 2654 detestandum
1614 2592 1815 2654 facinus.
1833 2593 1965 2654 Sunt
1992 2594 2077 2678 qui
2096 2594 2292 2669 almus,

526 2707 574 2755 et
604 2696 739 2768 vitia,
766 2708 814 2756 et
841 2718 1028 2758 errores
1058 2693 1252 2782 publice
1277 2694 1513 2777 conligere
1541 2697 1775 2770 nesciunt,
1803 2697 1898 2757 nisi
1921 2697 2066 2758 etiam
2094 2694 2295 2759 damino

526 2797 696 2858 inflato
723 2798 910 2880 juribus
938 2797 1048 2860 aliis
1080 2800 1269 2860 incaute
1296 2797 1525 2860 officiant.
1560 2797 1692 2859 Nam
1720 2799 1860 2860 sicuti
1889 2797 2008 2860 dum
2035 2821 2293 2881 regnum

527 2922 782 2961 aerumnas
811 2899 1038 2963 nonnulli
1079 2898 1354 2987 deplorant,
1383 2923 1647 2984 earumque
1685 2913 1904 2963 auctum
1932 2898 2175 2976 lacerant,
2202 2923 2298 2987 po-

528 2999 674 3088 pulos
702 3002 992 3088 imprudenti
1025 3000 1375 3065 declamatione
1420 3002 1483 3064 ad
1513 3002 1774 3065 seditiones
1800 3015 2016 3078 movent,
2044 3016 2192 3088 atqoe
2233 3003 2298 3065 ad

529 3104 840 3167 auferendam
878 3103 1103 3188 legitimis
1136 3107 1328 3189 regibus
1357 3106 1569 3167 debitam
1610 3103 1962 3168 obedientiam:
1992 3107 2063 3167 ita
2102 3128 2302 3190 paean-

533 3204 635 3268 lum
665 3219 714 3268 et
740 3206 1059 3282 ωανᾶοίιιω,
1086 3220 1133 3268 et
1163 3206 1880 3268 monachorumnonsomniata
1911 3207 2031 3269 vitia
2043 3228 2301 3289 argum-

532 3321 637 3370 tum
666 3306 779 3371 aliis
822 3309 1169 3371 invectivarum
1199 3309 1350 3385 fiunt,
1378 3310 1465 3395 qui
1495 3322 1657 3371 tamen
1688 3310 1880 3372 iuterim
1918 3308 2298 3395 haudquaquam

531 3410 1887 3499 oemuneoeiuagaeutptetnmmtianemt
1923 3434 2043 3495 erga
2083 3412 2298 3497 optimos
2424 3484 2434 3494 ,

533 3515 679 3578 etiam
709 3515 977 3602 episeopus,
1004 3527 1050 3577 et
1083 3516 1309 3579 universo
1327 3512 1800 3579 oeffidnoerdouti
1821 3515 2108 3599 obsequium
2137 3527 2290 3598 neget.

2489 3604 2505 3655 l
