2534 4296
526 399 662 485 ,274

516 516 581 578 tis
607 515 840 592 fontibus,
866 530 917 579 et
943 518 1142 579 sitnon
1175 514 1418 591 violenta,
1446 517 1532 580 sed
1566 516 2057 605 naturalis‚atquein
2088 516 2288 584 aliissi-

514 616 715 683 militm
736 617 858 683 locis
885 622 1063 682 usitata
1089 632 1140 682 et
1165 621 1374 705 probata
1404 621 1750 738 interpretandi
1779 623 1921 684 ratio.

519 756 525 764 ·
602 721 720 798 Sed,
752 735 811 785 ut
835 720 1015 785 clarius
1043 720 1323 806 loquamur,
1346 724 1621 786 mminisse
1653 723 1946 787 debentviri
1975 722 2285 807 theologali-

510 821 711 888 teralem
741 826 1009 909 soeipmrae
1048 846 1262 899 mum,
1282 837 1524 910 quatenus
1550 845 1584 887 a
1609 827 1814 908 mystico
1842 826 2174 908 distinguimr,
2202 825 2283 889 vel

508 928 765 1013 proprium
796 949 899 989 ense
927 925 1005 989 vel
1031 925 1310 1008 figuratum.
1354 929 1457 990 Est
1485 939 1653 989 autem
1680 929 1948 1009 Augustini
1982 941 2033 1013 et
2057 927 2284 1013 complu·

508 1031 639 1091 rium
675 1031 937 1104 sententia,
971 1027 1217 1092 interdum
1256 1027 1427 1113 plures
1462 1026 1676 1091 liter-ales
1701 1051 1872 1091 sensus
1899 1031 1987 1090 uui
2017 1033 2284 1115 scripturae

508 1130 620 1195 loco
638 1154 724 1194 seu
752 1132 1032 1194 testimonio
1059 1153 1340 1213 congruere,
1378 1154 1532 1215 quum
1554 1143 1725 1193 contra
1762 1129 1850 1192 alii
1880 1132 2194 1208 arbitrentur,
2225 1157 2285 1196 u-

506 1256 631 1297 num
656 1231 818 1297 solum
846 1236 1101 1298 convenire
1120 1256 1277 1320 posse.
1307 1233 1527 1319 Utrique
1555 1246 1680 1296 recte
1707 1234 1900 1308 sentire,
1929 1255 2197 1319 eorumque
2222 1257 2285 1298 o·

507 1332 1138 1421 pinionoesacileconciliari
1156 1336 1548 1421 possevidentur.
1561 1336 1785 1399 Unicum
1807 1335 2151 1404 tantummodo
2168 1358 2285 1400 een·

506 1461 618 1501 sum
643 1437 878 1502 literalem
909 1441 1033 1527 (non
1065 1437 1262 1502 excluso
1303 1440 1528 1523 mystico)
1558 1452 1645 1501 aut
1689 1441 1904 1525 propriis
1942 1450 2031 1501 aut
2066 1438 2285 1519 figuratis

506 1542 671 1604 verbis
691 1564 989 1628 expressum,
1014 1543 1069 1604 in
1097 1541 1315 1626 quolibet
1333 1564 1580 1626 sacrarum
1619 1540 1869 1604 literarum
1899 1543 2178 1604 testimonio
2203 1541 2283 1604 di-

505 1645 653 1707 vinm
668 1645 884 1729 Spiritus
908 1667 1075 1707 revera
1095 1641 1308 1706 voluisse
1336 1635 1623 1707 concludere
1638 1644 1905 1707 censendus
1928 1656 2018 1707 est.
2039 1646 2281 1729 Atquum

505 1748 771 1832 scripturae
787 1747 951 1822 verba,
969 1746 1106 1831 quod
1139 1758 1212 1808 est
1234 1746 1300 1808 ad
1327 1768 1521 1808 sensum
1556 1744 1808 1821 literalem,
1828 1748 1929 1809 sint
1957 1747 2168 1809 obsura
2197 1748 2279 1808 in-

504 1847 714 1924 terdum,
754 1849 999 1932 variisque
1033 1847 1516 1930 interpretationibus
1542 1847 1775 1923 obnoxia,
1805 1849 2137 1933 uma-tumque
2173 1869 2278 1911 non

505 1971 621 2012 raro
643 1951 724 2025 sit,
748 1961 914 2011 utrum
939 1949 1137 2035 proprie
1168 1972 1234 2011 an
1259 1948 1462 2030 figurate
1482 1950 1581 2010 sint
1600 1949 1912 2033 aoeipienda:
1937 1949 2284 2031 diversaspro-

504 2065 670 2137 pta-ea
696 2050 908 2116 literaloe
936 2053 1354 2138 interpretationes
1379 2051 1449 2117 ad
1464 2052 1688 2118 eumdem
1709 2050 1871 2114 locum
1892 2053 2127 2117 adhibere
2154 2050 2281 2116 licet.

505 2156 708 2217 Harum
735 2153 994 2240 quaelibet,
1030 2155 1181 2218 modo
1212 2167 1436 2217 contorta
1457 2178 1559 2217 non
1583 2157 1648 2217 sit
1682 2179 1740 2217 ac
1759 2153 1990 2232 violenta,
2013 2156 2165 2219 modo
2178 2179 2283 2220 nou

506 2255 619 2320 aliis
637 2259 919 2343 scripturae,
946 2258 1238 2333 traditionis,
1258 2270 1307 2320 et
1331 2259 1538 2321 rationis
1558 2256 1827 2320 luminibus
1844 2258 2143 2335 adversetur,
2163 2282 2282 2323 con·

506 2362 672 2424 venire
701 2373 751 2423 et
784 2360 976 2424 laudari
1007 2384 1065 2424 ac
1089 2359 1288 2424 tolerari
1315 2372 1489 2444 potest.
1509 2359 1769 2438 Quamdiu
1797 2383 1899 2423 uon
1928 2374 2129 2435 constet,
2155 2385 2282 2446 quae

506 2589 593 2629 cus
634 2564 719 2629 ille
743 2591 911 2630 sensus
939 2591 1084 2653 quem
1111 2569 1254 2631 Deus
1274 2566 1543 2649 significare
1567 2564 1758 2639 voluit3
1792 2566 1914 2651 quid
1947 2579 2081 2630 vetat
2118 2565 2278 2652 pluri·

506 2669 601 2731 bus
624 2670 783 2732 modis
803 2671 1021 2733 eamdem
1056 2667 1664 2755 explicareloquutionem,
1676 2668 1797 2731 dum
1823 2668 1876 2731 id
1909 2666 2134 2751 religiose
2157 2669 2279 2735 fiat?

506 2771 1350 2857 Lemautemillascripturarum,
1385 2771 1745 2857 quaeadfidei
1783 2794 1843 2834 ac
1878 2771 2280 2835 nomadum-i-

505 2895 625 2936 nam
657 2887 891 2959 spectant,
915 2898 1017 2938 uno
1040 2875 1295 2939 dumtaxat
1318 2874 1468 2938 modo
1488 2897 1591 2938 esse
1612 2872 1916 2960 explicanda,
1938 2896 2098 2959 neque
2114 2871 2282 2960 plures

506 2976 612 3062 pati
637 2998 778 3061 posse
808 2974 1017 3041 literales
1056 3001 1226 3042 sensus
1249 2977 1471 3053 dicimus,
1504 2978 1622 3063 quia
1653 2998 1938 3060 germanum
1965 2997 2136 3041 eorum
2168 2999 2281 3039 sen·

506 3100 620 3140 sum
653 3101 686 3141 a
714 3080 829 3142 Deo
869 3082 1010 3142 unice
1038 3083 1304 3165 expetitum
1345 3082 1447 3164 jam
1481 3078 1679 3143 ecclesia
1717 3080 1784 3143 ab
1811 3081 1922 3164 ipso
1948 3078 2065 3142 Deo
2097 3077 2284 3155 didicit,

504 3180 1199 3265 etpertraditiouem,atque
1235 3182 2053 3266 unanimempatmmcnmeumm
2089 3174 2157 3243 id
2189 3202 2283 3244 uos

510 3302 665 3366 usque
702 3284 982 3346 transmisit.
1018 3283 1195 3361 Quare
1229 3283 1380 3345 iniis
1412 3279 2281 3367 lodshtnpreundisabeoelesia,

509 3383 1164 3470 a-tnditinne,apatrilms
1194 3383 1985 3450 oeoeduoeudamvmin
2018 3380 2281 3449 aliisscri-

512 3497 684 3571 pturae
714 3484 1287 3574 lotiaquihudoctfina
1313 3485 1487 3552 salutis
1513 3489 1712 3554 minime
1738 3489 2029 3564 continetur,
2054 3487 2276 3555 ubire·-
