2534 4296
2035 378 2096 417 ΙΧ

341 470 667 535 lectoribus
712 469 1020 555 plerisque
1065 483 1343 532 amantur
1387 468 1631 533 chartae
1678 470 1992 545 dentatae,
2036 484 2100 534 et

339 594 713 636 summorum
743 574 1011 635 virorum
1036 571 1315 635 ludibria.
1338 572 1495 635 Nam
1523 571 1832 635 interdum
1851 573 2099 656 quidem

339 695 594 738 censura
630 674 823 737 aliena
854 674 1083 761 judicio
1104 686 1316 737 nostro
1344 675 1616 759 prodest,
1634 695 1880 759 semper
1895 685 2100 736 autem

338 789 581 840 nostrae
621 777 938 854 ambitioni
979 776 1306 849 blanditur,
1339 779 1569 862 quippe
1605 776 1910 863 depressis
1955 797 2099 862 pro-

341 881 497 942 ceris
525 878 859 952 arboribus,
890 879 988 942 vel
1016 881 1151 964 ipsa
1180 878 1434 962 virgulta
1464 877 1583 943 sibi
1628 899 1904 942 crescere
1949 899 2100 940 con-

340 982 543 1045 festim
584 982 881 1045 videntur.
913 982 1099 1058 Quid,
1140 984 1192 1044 si
1222 1004 1363 1044 cnm
1394 981 1853 1046 celebratissimi
1895 992 2101 1044 aucto-

340 1086 423 1147 ris
465 1085 754 1170 open’bus
799 1107 1057 1147 censura
1095 1086 1230 1171 ipsa
1271 1084 1721 1173 conjungatur?
1759 1084 1923 1148 Tum
1961 1105 2102 1169 pro-

338 1186 899 1252 fectocertissimus
945 1188 1027 1251 ad
1053 1188 1277 1250 famam
1325 1187 1691 1271 captandam
1723 1187 1964 1250 censori
2008 1196 2102 1248 est

337 1291 585 1374 gradun
605 1291 804 1355 velint
829 1293 1014 1365 enim,
1046 1291 1268 1366 nolint,
1288 1292 1352 1354 —si
1391 1291 1579 1355 libros
1605 1290 1742 1354 illos
1785 1310 2101 1375 compara·

334 1415 402 1456 re
430 1394 550 1458 sibi
577 1395 798 1458 eruditi
837 1396 902 1456 in
932 1396 1205 1457 animum
1231 1395 1547 1469 inducant,
1586 1395 1920 1457 auctarium
1953 1413 2103 1477 quo·

335 1518 456 1581 que
477 1508 685 1560 emant
701 1508 962 1582 oportet,
993 1508 1056 1559 et
1077 1497 1393 1560 hominem
1412 1508 1675 1561 noscant
1694 1496 2103 1560 inclarescen-

334 1609 459 1661 tem
476 1621 568 1662 ex
585 1601 915 1664 inimicitiis
948 1622 1311 1684 magnorum
1339 1602 1623 1664 virorum.
1779 1616 1783 1619 ·

351 1744 353 1746 -
421 1702 610 1779 Quod
639 1715 733 1766 est
760 1703 843 1766 ad
868 1725 986 1777 me,
1015 1716 1087 1765 ut
1107 1706 1377 1789 primum
1408 1706 1472 1767 in
1501 1726 1719 1766 manus
1750 1725 1916 1766 meas
1945 1701 2103 1763 Phe·

332 1808 552 1892 reponi
570 1828 727 1892 opus
746 1809 1042 1891 pervenit,
1061 1807 1337 1891 illudque
1360 1807 1510 1887 legi3
1535 1829 1662 1868 non
1680 1807 1873 1891 potui,
1891 1805 2102 1877 fateor,

335 1910 484 1992 quin
499 1908 927 1992 improbarem,
947 1907 1248 1991 simulque
1268 1908 1541 1969 dolerem
1564 1907 1886 1969 consilium
1915 1928 1987 1968 ac
2017 1905 2102 1967 la-

332 2008 549 2072 borem
576 2011 887 2094 scriptoris
908 2009 1065 2072 adeo
1097 2010 1481 2072 confidentis.
1500 2009 1717 2094 Neque
1736 2031 1883 2072 sane
1905 2011 1956 2072 is
1985 2030 2100 2092 ego

334 2133 489 2185 snm,
532 2113 642 2195 qui
671 2110 973 2175 in'artem
1009 2116 1285 2174 criticam
1329 2112 1476 2175 odio
1522 2112 1647 2174 ullo
1693 2113 1864 2174 ferar.
1903 2113 2103 2174 Immo

326 2214 531 2300 ipsam
561 2224 873 2298 tamquam
916 2215 1331 2276 necessarium
1363 2215 1584 2276 eruditi
1628 2214 1894 2277 hominis
1925 2235 2104 2276 orna-

328 2328 607 2381 mentum
629 2316 878 2402 plurimi
910 2317 1087 2391 facio,
1107 2321 1360 2404 ejusque
1392 2303 1724 2392 scientiam,
1747 2328 2104 2401 rectumque

328 2441 508 2482 usum
540 2421 608 2482 in
639 2419 772 2482 aliis
812 2421 1143 2504 suspicere,
1175 2419 1331 2483 mihi
1360 2441 1507 2483 vero
1538 2433 1751 2506 optare
1790 2441 1918 2483 non
1950 2420 2107 2482 desi·

325 2544 429 2585 no.
473 2525 726 2606 Loquor
770 2522 848 2585 de
872 2534 1003 2584 arte
1035 2522 1156 2596 illa,
1189 2527 1377 2610 cujus
1406 2544 1527 2610 ope
1573 2546 1644 2586 ac
1674 2522 1897 2605 regulis
1940 2524 2006 2584 in
2037 2546 2100 2585 re

323 2625 587 2688 literaria
624 2648 767 2690 vera
795 2648 831 2687 a
863 2625 1045 2700 salsis,
1086 2637 1252 2688 recta
1284 2648 1319 2688 a
1349 2629 1554 2715 pravis
1588 2626 2012 2712 dijudicamuS,
2041 2637 2104 2687 et

325 2749 480 2813 quae
509 2729 784 2791 omnium
813 2728 940 2791 fere
970 2730 1192 2791 artium
1225 2741 1408 2814 atque
1445 2731 1842 2791 scientiarum
1884 2731 1967 2791 ita
1998 2750 2103 2791 co-

322 2851 455 2892 mes
483 2850 618 2894 esse
649 2830 852 2903 debet,
885 2843 952 2894 ut
981 2833 1112 2894 sine
1146 2831 1254 2895 illa
1290 2832 1373 2897 ad
1408 2833 1853 2919 perfectionem
1882 2834 1983 2895 vix
2007 2854 2101 2893 as-

323 2934 867 3018 surgere.·valeant;
898 2956 1026 2997 non
1059 2957 1220 3019 quae
1269 2958 1411 2999 cum
1442 2948 1645 3020 satyra
1676 2947 1859 3021 atque
1888 2935 2105 2998 obtre-

321 3037 585 3099 ctatione
603 3038 876 3112 confusa,
906 3040 1132 3101 nostris
1154 3038 1535 3125 temporibus
1559 3062 1620 3100 m
1634 3039 1836 3102 olesto
1855 3040 2103 3101 nomine

317 3139 554 3203 traduci
595 3140 755 3203 solet
797 3141 967 3226 apud
1008 3142 1518 3226 ignarum‘vulgu
1533 3166 1581 3204 s.
1626 3143 1702 3204 ld
1733 3144 1915 3204 etiam
1958 3163 2102 3226 prae

319 3241 512 3306 oculis
541 3244 691 3306 mibi
721 3246 1008 3329 positum,
1055 3245 1363 3329 religionis
1397 3246 1829 3309 diversitatem
1861 3258 2100 3307 causam

319 3367 452 3408 esse
475 3367 601 3409 non
631 3347 875 3422 debere,
907 3348 980 3410 ut'
1004 3349 1184 3411 nobis
1216 3371 1474 3411 censura
1522 3351 1778 3433 quaevis
1811 3350 2101 3411 continuo

322 3446 650 3534 displiceat.
682 3450 895 3514 Solent
924 3464 1129 3514 autem
1153 3452 1432 3515 nonnulli
1464 3454 1596 3515 sine
1621 3453 1967 3515 discrimine
2002 3452 2091 3512 fa·
