2534 4296
1873 438 1999 520 339

246 556 321 632 lit,
348 568 434 619 ant
461 550 626 636 aliqua
655 573 714 612 ex
744 561 885 634 parte
913 551 1045 632 juvet
1073 548 1378 611 ambitiosam
1401 561 1447 609 et
1478 548 1676 632 impiam
1707 549 2006 612 reformatio·

239 680 367 733 ιιι-ι,
394 677 541 740 qnam
570 654 788 737 jactitant
819 653 973 713 nostri
1004 652 1235 735 temporis
1265 663 1538 724 novatores,
1569 663 1623 712 ut
1655 652 1869 733 ipsorum
1902 656 2006 736 epi-

236 779 518 845 morum,
553 769 602 817 et
639 747 896 842 praecipue
932 756 1257 816 maximorum
1305 753 1585 838 pontificum
1624 752 1825 814 decretis
1863 768 2009 838 atque

235 857 658 925 maliisutatur
677 856 741 918 ad
772 855 889 918 haec
916 858 1082 917 omnia
1112 855 1414 917 confutanda
1442 868 1591 939 atqne
1630 855 1973 940 proscribenda
1992 905 2007 930 ,

234 953 509 1050 priterque
536 959 729 1046 prodat,
758 970 995 1043 quantum
1045 960 1096 1018 in
1149 956 1430 1042 hujusmodi
1469 957 1804 1020 emendatione
1852 980 2011 1019 exccs‘

215 1065 387 1149 ‘aerim
414 1062 639 1125 haeretici
669 1063 968 1123 recentiores.
998 1061 1262 1136 Quaenam
1291 1063 1423 1122 enim
1456 1083 1694 1142 emergere
1723 1060 1859 1134 vitia,
1890 1060 2011 1121 abu-

236 1189 352 1242 su,
380 1179 430 1229 et
457 1166 851 1250 superstitionum
891 1160 1062 1224 deliria
1092 1187 1244 1247 paene
1283 1166 1381 1246 jam
1413 1175 1650 1248 possunt,
1681 1186 1806 1247 quae
1835 1175 2010 1246 patres,

240 1269 471 1354 episoopi,
497 1280 547 1329 et
573 1268 764 1329 romani
793 1266 1092 1350 praesertim,
1121 1266 1223 1326 suis
1253 1278 1339 1326 aut
1368 1266 1560 1348 scriptis
1581 1276 1670 1325 aut
1689 1263 1890 1346 synodis
1918 1287 2011 1324 an-

238 1383 321 1434 tn
345 1393 449 1434 non
476 1371 737 1453 ejurarint,
768 1370 1139 1452 monuerintque
1167 1390 1271 1430 esse
1299 1367 1564 1450 fugienda?
1603 1369 1866 1429 Praeterea
1896 1390 2011 1451 pru-

232 1471 373 1537 'hti
414 1474 525 1534 viro
552 1494 805 1556 nunqnam
845 1484 971 1533 certe
1000 1473 1154 1532 nimia
1192 1472 1481 1554 opinionum
1527 1468 1706 1531 laxitas
1741 1471 1986 1555 probatur
2001 1519 2015 1543 ,

238 1574 417 1654 sedne
449 1577 602 1637 minia
639 1574 835 1659 quidun
873 1576 1144 1635 austeritas.
1191 1573 1518 1656 Quamquam
1559 1576 1602 1635 si
1644 1576 1695 1634 in
1732 1571 2015 1635 alterutram

237 1691 427 1765 partem
447 1677 738 1764 peccandum
765 1679 847 1752 sit,
875 1678 1126 1739 severitate
1149 1673 1304 1750 malit,
1337 1700 1397 1738 ne
1422 1678 1523 1758 jam
1546 1699 1730 1762 pronae
1759 1676 2015 1738 hominum

238 1794 444 1858 naturae
469 1781 654 1843 adsese
672 1779 1074 1863 emancipandam
1103 1782 1155 1839 in
1182 1780 1321 1852 vitia,
1350 1781 1455 1861 ipse
1477 1777 1683 1839 calcaria
1712 1778 1862 1839 addat
1889 1803 2009 1840 exu-

241 1882 432 1945 beuti
469 1880 781 1963 indulgentia.
826 1880 946 1941 Non
984 1882 1146 1940 minus
1189 1902 1304 1959 ergo
1341 1881 1484 1940 anxie
1524 1882 1733 1960 cogitat,
1774 1893 2014 1963 qnantum

242 1986 435 2069 eripis
471 1997 619 2068 atque
650 1985 872 2045 oratione
909 2005 1002 2044 sua
1035 1981 1264 2067 prodesse
1298 1979 1528 2043 ecclesiae
1556 1995 1605 2042 et
1634 1979 1820 2066 populo
1849 1984 2018 2065 possit,

243 2109 392 2172 qn—
419 2100 557 2149 mute
582 2087 927 2169 oimnmspieit,
956 2107 1020 2146 ne
1048 2107 1146 2168 qua
1173 2108 1232 2145 ex
1265 2098 1401 2168 parte
1432 2098 1620 2146 noceat.
1651 2088 1820 2168 Atque
1847 2084 2018 2167 hujus-

242 2190 380 2256 .οᾶ
404 2193 598 2252 ratione
622 2190 838 2251 veritatis
871 2190 981 2271 jura
1002 2186 1270 2272 intrepidus
1297 2202 1499 2262 exercet,
1521 2186 1764 2272 simulque
1786 2211 2013 2250 numeros

241 2303 413 2355 mm
438 2290 609 2377 implet
643 2291 903 2374 judiciosae
929 2291 1233 2372 sagacitatis,
1262 2301 1410 2374 atque
1448 2290 1748 2374 prudentiae.
1788 2292 2015 2351 Pertinet

239 2406 294 2457 et
315 2393 383 2457 ad
409 2396 554 2455 istam
581 2394 808 2455 virtutem
830 2394 1074 2476 inspioere,
1105 2391 1322 2467 liceatne,
1352 2416 1415 2452 an
1442 2416 1560 2467 non,
1592 2394 1644 2452 in
1674 2390 1878 2454 moralis
1905 2392 2012 2453 the-

243 2494 561 2580 logiaeliliris
577 2508 652 2557 tot
667 2493 888 2555 luxuriae
913 2508 1092 2555 secreta
1114 2494 1333 2578 prodere,
1362 2518 1490 2578 quae
1515 2494 1786 2556 sacerdotes
1816 2494 2015 2578 quidem

241 2598 626 2662 embsionibns
652 2598 945 2682 excipiendis
986 2598 1250 2659 destinatos
1278 2597 1344 2658 ad
1373 2598 1557 2658 bonum
1584 2597 1805 2672 erudire,
1835 2597 1922 2658 sed
1949 2599 2016 2658 si-

244 2699 351 2764 ml
377 2704 522 2764 etiam
560 2699 743 2763 multos
769 2723 939 2762 eorum
966 2703 1224 2762 criminum
1261 2714 1404 2761 antea
1434 2703 1631 2781 ignaros
1659 2703 1921 2775 instruere,
1953 2724 2014 2760 ne

243 2804 439 2867 die-n
422 2826 605 2888 juvare,
626 2816 831 2888 possunt
858 2804 924 2865 ad
952 2801 1152 2865 malum.
1188 2804 1361 2879 Quam
1383 2804 1713 2886 quaestionem
1728 2825 1819 2863 nos
1834 2826 1886 2862 in
1917 2825 2017 2864 me-

236 2906 336 2971 dio
360 2904 696 2992 relinquimus,
725 2920 775 2968 et
794 2905 966 2973 ‚solum
1000 2909 1204 2968 innuere
1232 2909 1552 2968 necessarium
1583 2907 1877 2990 putavimus.
1996 2928 1998 2931 ’
