2534 4296
475 371 599 448 284

466 509 569 549 esse
594 486 844 550 domun
874 486 1108 563 utilia-et
1140 486 1406 551 tradentem
1451 512 1601 553 unam
1630 491 1878 552 scientiam
1920 512 2084 553 revera
2114 487 2239 553 luci·

466 588 599 664 dam,
619 602 670 651 et
698 587 904 665 saeiletn,
922 588 1385 676 qnalis(postquam
1417 590 1649 676 loquutus
1675 606 1747 655 est
1769 595 1887 677 ipse,
1914 604 2240 676 etpostqnam

465 691 629 777 quid
616 714 719 776 ipse
746 690 939 755 locutus
952 695 1032 766 sit,
1052 692 1119 754 ab
1144 691 1341 755 eoelesia
1367 691 1607 756 catholka
1633 693 1768 756 illins
1795 697 2052 779 interprete
2078 694 2237 756 edocti

462 795 654 876 sumus)
678 808 752 857 est
773 795 881 857 lidei
910 794 1194 871 catholicae,
1213 809 1263 858 ct
1282 798 1500 858 caritatis
1517 796 1756 871 doctrina,
1788 820 1888 859 non
1910 809 2077 859 autem
2107 795 2238 880 phy-

461 899 603 972 sicae,
630 899 971 973 astronomiae,
999 910 1049 959 et
1078 896 1256 959 horum
1283 897 1535 959 similium.
1556 899 1622 960 ld
1650 912 1817 962 antem
1845 900 1897 960 in
1925 900 2077 962 sacris
2101 896 2239 961 eodi-

461 999 600 1062 cibns
624 1000 871 1062 evidenter
897 1000 1128 1061 traditum
1159 1022 1262 1062 non
1289 999 1484 1074 dicitur,
1520 1000 1658 1084 qnod
1686 998 1854 1084 plnres
1876 999 2161 1063 commodas
2185 1012 2237 1063 et

461 1124 715 1182 gennanas
743 1105 927 1186 patitur
954 1103 1390 1187 interpretationes,
1405 1124 1435 1163 e
1462 1102 1643 1186 quibus
1669 1100 1809 1164 nulla
1829 1103 2108 1166 certissimis
2124 1098 2240 1165 aliis

461 1204 753 1279 traditionis,
784 1219 832 1267 et
852 1207 1073 1280 rationis,
1100 1218 1148 1266 et
1169 1206 1436 1288 scripturae
1465 1204 1767 1266 documentis
1785 1207 2068 1290 opponitur.
2095 1201 2240 1268 nnl-

460 1317 610 1391 toqne
628 1310 793 1370 minus
820 1306 904 1370 ille
932 1311 1198 1392 scripturae
1224 1331 1395 1370 sensus
1422 1307 1623 1371 evidens
1641 1306 2015 1425 appellandus,
2002 1308 2084 1369 cni
2110 1307 2241 1370 ’σί-

458 1408 719 1473 similiores
744 1413 972 1484 rationes,
1002 1426 1052 1474 et
1087 1413 1414 1496 experimenta
1450 1413 1554 1473 sive
1599 1413 1697 1494 jam
1729 1411 1875 1486 sacta,
1902 1413 2008 1473 sive
2041 1422 2238 1496 peracta

459 1535 560 1574 non
583 1513 919 1599 impossibilia,
950 1514 1198 1576 diversum
1227 1513 1383 1575 alium
1414 1537 1630 1590 sensim,
1660 1516 1811 1576 immo
1838 1515 2136 1599 oppositum,
2162 1535 2241 1576 es-

457 1640 511 1678 se
538 1610 905 1700 praeferendum
938 1630 1152 1692 monent,
1183 1619 1236 1679 in
1266 1619 1518 1701 iisnempe
1544 1619 1705 1693 rebus,
1733 1618 2130 1703 quarum‚utiex
2155 1639 2240 1700 ge·

456 1717 611 1781 nerali
642 1717 810 1800 regula
840 1732 1079 1781 statutum
1117 1732 1208 1795 est,
1237 1732 1419 1782 cetam
1461 1721 1607 1783 nobis
1640 1722 1966 1803 coguitionem
1991 1721 2136 1783 Deus
2159 1743 2238 1783 re·

457 1819 677 1905 linquere
703 1819 918 1883 voluisse
944 1843 1255 1905 nequaqnam
1286 1822 1496 1898 videtur,
1526 1836 1577 1885 et
1605 1845 1732 1908 quas
1748 1823 2236 1886 continents-aditio·

457 1946 520 1984 ne
548 1936 741 2007 patrum
771 1921 970 1985 difficile
998 1918 1372 1999 demonstretur,
1401 1937 1450 1986 et
1493 1948 1620 2009 quae
1647 1923 1775 1987 nihil
1806 1924 2056 2008 religionis
2080 1926 2237 1989 intu-

456 2026 535 2099 sit,
565 2024 700 2108 qnod
732 2047 834 2086 uno
854 2027 1022 2109 potins
1047 2048 1198 2110 qnam
1220 2022 1376 2088 altero
1396 2026 1548 2089 modo
1567 2028 1634 2089 ab
1661 2025 1944 2089 hominibm
1958 2026 2235 2090 credantur.

546 2127 635 2187 En
665 2148 780 2207 ergo
809 2149 997 2199 causae,
1027 2149 1116 2188 cnr
1134 2127 1200 2188 ab
1228 2126 1362 2189 hisce
1390 2130 1755 2212 quaestionibus
1771 2128 2058 2191 dirimendis
2083 2126 2237 2191 eoele-

455 2229 529 2290 sia
556 2226 809 2303 catholica,
838 2242 885 2291 et
907 2242 1086 2313 patres,
1104 2243 1152 2291 et
1181 2232 1371 2319 romani
1390 2231 1639 2315 pontilicis
1665 2229 1951 2316 plerumque
1967 2233 2230 2295 abstinent.

456 2331 596 2392 Tum
627 2330 790 2394 solnm
818 2333 871 2393 in
902 2332 997 2393 hoc
1022 2333 1170 2394 etiam
1191 2324 1352 2395 stadio
1366 2347 1587 2409 currunt,
1615 2357 1802 2419 suaque
1828 2357 1930 2397 non
1948 2334 2113 2398 fallaci
2140 2358 2233 2399 au-

453 2437 675 2497 ctoritate
703 2447 933 2510 utuntur,
963 2456 1118 2519 quum
1146 2437 1400 2498 necessitas
1418 2438 1563 2518 cogit.
1582 2438 1724 2499 Tum
1749 2439 2012 2520 verocngit
2031 2439 2236 2501 noeessi·

455 2550 548 2615 tas,
578 2559 730 2622 quum
759 2536 1007 2599 evidenter
1046 2537 1171 2600 adeo
1211 2538 1275 2600 de
1302 2537 1581 2622 hujusmodi
1618 2562 1815 2625 qnoque
1849 2539 2237 2604 iudith-muns

454 2640 599 2703 rebus
626 2642 863 2724 scriptura
882 2639 1116 2725 loquitur,
1134 2654 1190 2703 nt
1206 2664 1359 2703 unum
1388 2643 1729 2706 tantummodo
1748 2666 1943 2706 smsnm
1960 2646 2067 2727 ejus
2083 2646 2232 2708 mh

454 2742 732 2817 admittant,
761 2755 810 2804 et
827 2741 1000 2828 reliqui
1019 2765 1202 2820 sensns,
1223 2741 1440 2829 reliquae
1457 2746 1877 2830 interpretationes
1906 2748 2081 2809 abusu
2109 2749 2234 2810 scri-

455 2858 628 2929 pturae
657 2845 823 2929 ipsius,
852 2858 937 2907 ant
967 2846 1033 2907 ab
1059 2843 1171 2908 aliis
1212 2847 1623 2911 manifestissimis
1662 2850 1879 2934 ejusdem
1909 2848 2044 2925 loeis,
2082 2862 2171 2912 aut
2198 2872 2233 2912 a

456 2947 566 3023 lide,
597 2948 872 3023 traditione,
893 2951 1082 3011 ratione
1098 2962 1225 3013 recta
1247 2964 1415 3036 aperte
1430 2951 1712 3014 abhorrent.
1735 2950 1959 3015 Sublatis
1975 2950 2231 3036 huju-w

454 3049 514 3113 di·
534 3047 763 3136 periualis
788 3064 837 3112 et
857 3051 1191 3127 incommodis,
1221 3066 1270 3115 et
1289 3056 1557 3139 scripturae
1582 3067 1776 3118 sanctae
1795 3056 2052 3116 veracitate
2070 3075 2131 3116 ac
2148 3053 2231 3116 di-

452 3155 637 3237 gnitate
661 3166 869 3229 mata,
889 3151 1079 3239 placide
1108 3155 1200 3217 has
1219 3158 1570 3219 controversias
1596 3155 1828 3220 ecclesia
1812 3169 2046 3232 intuetur,
2064 3178 2125 3219 ac
2149 3170 2229 3219 to-

453 3254 593 3334 lerat,
620 3256 1359 3320 autcetteeornmdecisionem
1389 3258 2229 3344 sinspmditEtcnriulnisoemi·

452 3362 603 3438 nutis,
630 3372 681 3424 et
706 3371 1192 3445 sinaptenatmanon
1215 3358 1433 3435 utilibus,
1456 3362 2228 3447 nequenenessarnsqnaesnom-

455 3465 549 3527 bns
575 3461 859 3528 dirimendis
886 3484 989 3527 sese
1014 3460 1209 3526 ecclesia
1239 3477 1455 3550 occupet,
1483 3461 2226 3550 ‹piaetotaliascontmvuuias
