2534 4296
496 395 620 478 345

488 516 686 580 ciendae
713 529 829 580 suut
857 531 954 580 tres
983 516 1097 579 illae
1127 520 1342 592 virtuts,
1386 517 1568 598 justitia
1600 514 1831 587 videlieet,
1874 516 2063 588 entitas,
2106 526 2253 599 atque

486 618 761 703 prudentia.

575 721 708 785 Nam
730 722 863 808 quod
892 734 963 785 est
991 721 1055 782 ad
1078 722 1326 803 justitiam,
1349 722 1462 805 quis
1480 720 1703 782 dubitare
1736 732 1910 804 potest,
1929 721 2049 803 quin
2076 730 2126 779 et
2150 719 2245 803 ipsi

486 846 707 888 omsores
733 824 794 886 de
811 824 921 886 fidei
943 823 1252 905 dogmatibus
1278 835 1489 905 agentes,
1506 822 1572 883 ab
1588 819 1674 883 illa
1689 821 1929 884 discedere
1954 819 2248 905 quandoque

484 929 688 1012 possint,
718 950 869 1012 quum
897 925 1117 988 homines
1143 925 1259 999 sint,
1297 925 1639 1007 erroribusque
1666 920 1965 1007 reliquoru-
1992 943 2130 984 more
2155 922 2247 984 ob·

483 1027 657 1090 noxii?
694 1029 834 1089 Bene
861 1026 923 1088 de
949 1025 1178 1088 omnibus
1212 1026 1390 1086 sentire
1431 1021 1561 1086 volo.
1607 1023 1771 1085 Immo
1798 1022 2034 1107 suspicari
2067 1023 2250 1092 nereio,

484 1151 778 1217 quemqnam
820 1143 919 1191 tam
951 1128 1133 1214 perdite
1160 1129 1238 1190 sui
1277 1125 1501 1202 oblitum,
1540 1140 1594 1188 ut
1620 1148 1737 1188 vera
1764 1139 1813 1187 et
1842 1137 1970 1187 reeta
1995 1136 2247 1206 tanquan

485 1229 610 1295 falsa
648 1256 704 1295 ac
741 1255 894 1316 prava
934 1231 1182 1306 damnare,
1224 1231 1379 1292 sciens
1415 1242 1463 1291 et
1507 1227 1720 1314 prudens
1759 1228 2009 1289 sustineat.
2052 1226 2249 1288 Verum

484 1333 723 1419 numquid
750 1357 851 1396 non
874 1347 1031 1419 potat
1051 1330 1304 1418 permultis
1324 1329 1435 1393 aliis
1457 1331 1619 1392 modis
1646 1330 1856 1414 justitiae
1877 1326 2081 1391 valediei
2090 1328 2251 1390 ‘eno-

483 1438 679 1512 minem,
717 1450 772 1499 ut
800 1439 868 1500 ita
897 1437 1071 1512 dicam,
1118 1434 1363 1499 nolentem
1407 1447 1457 1495 et
1486 1435 1689 1495 inscium
1718 1432 1937 1518 perveni*
1958 1430 2252 1493 affeetusad

485 1540 664 1624 injusta
695 1542 905 1625 rapiunt.
953 1540 1054 1602 Sed
1082 1539 1218 1624 quod
1246 1538 1325 1600 bic
1353 1538 1574 1599 omnium
1604 1537 1813 1598 maxime
1840 1536 1892 1596 in
1923 1548 2251 1597 transversum

486 1665 624 1724 agere
652 1642 833 1725 judices
862 1644 1031 1727 possit,
1061 1642 1334 1724 ignorantia
1365 1653 1454 1715 est,
1488 1662 1589 1722 quo
1616 1639 1790 1700 morbo
1817 1661 1869 1700 se
1896 1635 2120 1701 labor-are
2146 1635 2252 1721 pir·

487 1747 628 1829 rique
655 1767 758 1807 nou
786 1747 1016 1818 sentiunt,
1046 1746 1175 1828 iique
1202 1744 1366 1804 minus
1390 1741 1636 1803 interdum
1661 1743 1891 1815 sentiunt,
1919 1762 2128 1825 quorum
2157 1763 2252 1802 no-

486 1847 608 1906 mini
633 1845 916 1931 splendidos
943 1843 1113 1907 titulos
1142 1844 1341 1906 fortuna
1369 1857 1455 1906 aut
1484 1845 1643 1914 virtus
1669 1842 1914 1918 addidere,
1942 1843 2125 1927 quique
2149 1864 2254 1904 ue·

486 1949 552 2008 cti
581 1947 791 2033 populos
810 1950 904 2010 sibi
936 1947 1307 2010 venerabundos
1333 1947 1399 2008 ab
1425 1943 1530 2008 alto
1557 1945 1843 2030 despiciunt.
1856 1945 2082 2008 Videant
2107 1945 2255 2027 gitur

487 2051 598 2143 ipsi,
627 2066 925 2138 quantopere
950 2052 1045 2115 sibi
1073 2050 1345 2113 curandum
1372 2051 1453 2125 sit,
1475 2073 1537 2111 ne
1566 2050 1810 2111 immerito
1837 2046 2049 2111 aliorum
2073 2050 2256 2133 scripta

487 2158 680 2232 feriant,
719 2176 983 2239 eorumque
1010 2166 1230 2215 auctores
1268 2150 1485 2212 indebita
1514 2151 1783 2232 ignominia
1811 2161 2034 2225 onerent,
2072 2148 2254 2212 frustra

485 2260 767 2342 indignante
795 2258 997 2341 justitia,
1039 2255 1221 2317 frustra
1259 2265 1582 2338 conquerente
1611 2254 1826 2316 veritate.
1865 2252 2000 2314 Nam
2030 2252 2256 2340 qna-vis

487 2363 750 2425 sententiae
790 2383 905 2422 mae
933 2361 1171 2422 ratimem
1214 2354 1364 2439 vulgo
1398 2355 1597 2418 reddere
1635 2378 1738 2419 non
1767 2355 1989 2431 debeant,
2026 2377 2258 2440 mpremo

488 2477 615 2527 eerte
641 2465 860 2526 omnium
889 2461 1033 2546 judici
1062 2460 1298 2524 reddituri
1327 2471 1459 2534 sunt,
1502 2457 1753 2542 eidemque
1779 2481 1964 2541 poenas
1988 2457 2168 2534 daturi,
2210 2459 2257 2520 si

490 2566 689 2654 quando
716 2564 860 2650 culpa
889 2589 977 2627 sna
1003 2563 1262 2628 defecerint
1294 2563 1350 2623 in
1380 2559 1653 2643 infligendis
1690 2561 1840 2622 nimia
1870 2558 2102 2623 facilitate
2126 2561 2257 2643 ejus-

490 2668 624 2731 modi
665 2670 834 2753 poeuis
873 2681 1018 2752 atque
1060 2665 1307 2729 oeoeurisz
1334 2665 1507 2747 gravis
1541 2664 1725 2748 quippe
1760 2664 1979 2725 criminis
2017 2664 2088 2726 rei
2122 2662 2258 2747 apud

491 2774 658 2835 Deum
686 2784 815 2833 sunt.
846 2770 1068 2832 Proinde
1095 2770 1192 2832 nisi
1218 2769 1356 2855 prins
1385 2765 1578 2852 liquido
1606 2778 1806 2841 constet,
1826 2766 2258 2851 opinionesquas·

491 2875 607 2938 dam
636 2898 668 2937 a
693 2870 955 2936 oetbolicae
984 2872 1094 2935 fidei
1121 2871 1432 2955 veritatisque
1458 2892 1634 2932 norma
1662 2892 1830 2932 revera
1854 2868 2112 2943 discedere,
2134 2866 2257 2930 bas-

493 2975 1091 3063 queeasdemopinioues
1134 2968 2017 3056 inlibrisdubiopmmloontiueri,
2055 2980 2259 3031 nonest

493 3077 855 3166 praecipitanda
882 3079 1118 3139 sententia
1147 3088 1287 3139 atrox
1327 3072 1604 3154 iustu:
1631 3070 1786 3136 libros
1811 3085 1960 3156 atque
1985 3073 2257 3156 scriptores.

490 3182 687 3264 Regnet
712 3202 807 3265 pro
847 3201 942 3242 suo
968 3177 1111 3242 libito
1148 3175 1444 3263 qnibmdn
1478 3175 1534 3238 in
1561 3172 1743 3238 nebulis
1783 3171 2064 3237 verisimilis
2089 3174 2261 3259 opinio

497 3283 695 3370 aliqua
713 3304 815 3348 uou
844 3280 1101 3345 intercedo.
1126 3279 1229 3343 Sed
1260 3277 1401 3342 lioest
1429 3275 1543 3341 aliis
1569 3275 1714 3339 aliter
1738 3278 1931 3353 sentire,
1952 3275 2155 3362 qundo
2177 3299 2261 3339 ea·

494 3383 705 3451 tbolieae
729 3382 953 3449 eeclesiae
976 3382 1202 3448 doctrina
1231 3384 1329 3466 jam
1358 3394 1467 3444 rata
1494 3393 1640 3465 atque
1666 3378 1883 3443 stabilita
1910 3378 2100 3443 aditum
2122 3384 2262 3443 senis

496 3487 731 3576 opinandi
760 3486 980 3552 umidum
1001 3484 1262 3550 sustulerit.
1295 3485 1499 3549 Etenim
1522 3483 1749 3564 dogmata
1770 3481 2121 3546 catholicum
2156 3504 2260 3546 nou

2506 296 2534 765 ξ
