2534 4296
1844 474 1923 535 33

216 590 416 653 ΑΒΜ
436 587 489 649 in
508 585 833 647 Sacrammtis
847 582 1203 659 ministrandis,
1221 584 1274 644 in
1288 606 1379 646 usu
1407 583 1617 668 pictatis,
1634 582 1688 665 in
1708 496 1971 668 imaginun}

214 706 473 762 mun,
504 699 874 771 annorumque
905 687 1229 761 metatione,
1258 697 1407 771 atque
1437 687 1489 747 in
1524 683 1835 768 indulgentiis
1857 712 1974 772 pro-

215 789 487 876 nbndia
509 788 848 880 deprgbmeoe,
872 788 1226 873 discripserunt
1247 787 1350 863 alii,
1384 788 1778 874 damnaruntque
1797 794 1975 853 acerri-

214 914 306 962 m.
325 893 561 967 Causam,
575 889 846 966 consilium,
866 889 1025 953 zelum
1055 889 1220 954 laudo.
1237 892 1432 953 Verum
1463 892 1583 975 ipsis
1610 890 1878 952 mendum
1898 915 1977 953 ac-

212 1006 375 1060 -ate
391 994 563 1068 fuerat,
581 1016 644 1055 ne
663 993 780 1055 dum
799 978 1120 1079 vituperanda
1149 994 1505 1078 vituperabant,
1532 1005 1582 1055 et
1610 993 1791 1055 abusus
1823 994 1977 1055 conli-

211 1097 404 1188 ῥιπὶ,
432 1098 566 1182 ipsas
593 1118 785 1182 quoque
813 1119 891 1159 res
917 1119 1092 1173 sacras,
1113 1119 1300 1181 semper
1329 1095 1643 1172 venerandas,
1673 1108 1758 1158 aut
1768 1094 1979 1158 haereti-

211 1220 377 1262 oermn
397 1197 611 1261 ludibrio
635 1212 946 1283 exponerent,
964 1212 1048 1261 aut
1065 1201 1210 1261 etiam
1240 1201 1291 1260 in
1314 1201 1669 1261 contentionem
1687 1198 1978 1260 adducerent

69 1319 74 1332 ’
209 1299 474 1364 abolitae
499 1299 673 1390 plebis.
702 1303 768 1363 In
787 1301 1018 1363 miracula
1045 1302 1247 1363 conficta
1276 1301 1572 1364 invehuntur
1588 1299 1691 1377 alii,
1719 1314 1805 1363 aut
1832 1303 1980 1363 nimis

211 1401 350 1467 lans
390 1402 742 1467 nonnullorum
773 1403 1107 1487 theologorum
1147 1407 1402 1490 opiniones
1429 1405 1554 1467 ferre
1597 1427 1699 1467 non
1741 1418 1982 1489 possunt3

212 1528 309 1592 pro
341 1507 556 1592 utrisque
589 1509 901 1569 conscribunt
928 1506 1013 1568 alii
1053 1505 1320 1593 apologias.
1354 1509 1464 1585 Qui
1506 1509 1758 1569 veritatem
1796 1510 1895 1569 isto
1925 1509 1977 1567 in

212 1610 473 1671 &tamine
499 1622 711 1684 tuentur,
741 1633 842 1672 rem
872 1612 1083 1693 justitiae
1111 1623 1298 1692 gratam
1327 1623 1591 1695 praestant,
1624 1611 1778 1695 iisque
1808 1611 1980 1671 imme-

216 1713 314 1774 rito
342 1714 619 1775 irascamur.
651 1713 751 1775 Sed
781 1737 933 1797 quum
966 1711 1039 1774 illi
1069 1715 1342 1799 suspicione
1373 1711 1481 1775 salsi
1512 1737 1625 1776 vera
1654 1715 1801 1775 etiam
1831 1714 1982 1773 mira-

216 1813 327 1877 mla
354 1838 386 1876 a
405 1838 460 1877 se
486 1818 674 1900 aspergi
709 1839 812 1877 non
844 1816 1251 1890 animadvertant,
1282 1830 1367 1879 aut
1396 1818 1632 1897 integrum
1655 1814 1867 1901 aliquem
1897 1839 1981 1877 or·

218 1917 381 1980 dine-
408 1941 466 1980 ex
497 1941 760 2003 paucorum
790 1916 935 2003 culpa
964 1921 1015 1979 in
1046 1918 1283 1979 invidiam
1313 1918 1503 1979 incaute
1533 1916 1729 1978 trahant
1742 1943 1761 1990 ;
1789 1919 1867 1978 isti
1898 1940 1981 1978 ve-

218 2044 277 2083 m
303 2020 551 2083 miraculis
588 2024 734 2083 etiam
774 2019 934 2096 salsis,
963 2033 1062 2082 ant·
1074 2021 1390 2105 opinionibus
1433 2043 1606 2104 parum
1645 2018 1982 2104 probabilibus

216 2123 385 2186 eodem
414 2137 661 2209 tunpme,
691 2147 988 2210 quamquam
1018 2137 1210 2208 praeter
1237 2147 1380 2185 suum
1410 2125 1742 2208 propositum,
1771 2124 1985 2184 auctori-

220 2238 368 2290 Νε-
409 2240 459 2288 et
495 2224 737 2288 licmtiam
768 2225 1054 2289 concilient:
1085 2226 1439 2309 indignandum
1470 2226 1686 2309 profecto
1721 2237 1817 2300 est,
1850 2224 1985 2309 quod

218 2330 299 2391 isti
325 2329 634 2415 prudentiam
664 2332 800 2415 prius
819 2353 921 2391 non
949 2328 1294 2403 consuluerint,
1316 2351 1519 2413 eamque
1548 2351 1750 2391 suorum
1779 2328 1984 2412 scripto·

218 2452 328 2493 ran
355 2452 458 2492 non
486 2430 800 2515 praefecerint
827 2431 1086 2492 ductricem
1115 2443 1262 2515 atque
1292 2431 1611 2511 magistram.⁸

294 2533 456 2611 -Quid
491 2536 658 2620 itaque
685 2557 828 2598 curae
859 2534 1075 2596 futurum
1113 2535 1179 2596 sit
1215 2533 1363 2617 hujus
1390 2533 1589 2594 virtutis
1619 2531 1833 2606 amanti,
1862 2529 1980 2591 dum

221 2636 544 2723 pudicanda
565 2639 757 2714 veritas,
776 2661 1057 2722 erroresque
1075 2650 1192 2699 sunt
1209 2635 1371 2722 palam
1398 2621 1691 2722 increpandi,
1711 2631 1850 2696 facile
1870 2632 1985 2693 hinc

221 2737 486 2823 inblligere
509 2764 783 2826 possumus.
811 2741 1066 2804 Interdum
1104 2742 1183 2801 vir
1210 2740 1425 2825 prudens
1452 2762 1637 2803 errores
1665 2735 1865 2824 populi,
1896 2748 1984 2796 aut

191 2846 196 2850 ’
221 2843 358 2916 vitia,
387 2857 534 2929 atque
552 2842 780 2906 wandala
808 2843 1124 2921 sacerdotum,
1148 2844 1433 2928 ordinisque
1461 2844 1732 2917 monastici,
1762 2840 1986 2902 deleren-

223 2944 479 3031 &potius
505 2961 663 3009 censet
684 2947 750 3018 ad
768 2948 1033 3032 episcopos,
1062 2961 1111 3010 et
1131 2948 1435 3032 potissimum
1465 2946 1531 3007 ad
1560 2943 1876 3031 apostolicam
1905 2968 1985 3006 se-

224 3047 352 3125 hb,
380 3072 528 3135 qnam
549 3049 759 3135 publicis
779 3050 998 3113 vexanda
1025 3049 1337 3113 clamoribus.
1372 3053 1578 3112 Certam
1602 3046 1685 3111 ille
1714 3046 1902 3109 mavult
1924 3048 1988 3107 ab

225 3149 445 3231 ὠμῶς
470 3154 770 3238 principibus
797 3168 1046 3238 expectare
1073 3154 1386 3228 medicinam,
1416 3176 1563 3238 quam
1593 3152 1794 3233 dubiam
1824 3164 1871 3212 et
1902 3173 1988 3233 pe-

226 3249 481 3316 rideum
508 3277 542 3316 a
570 3257 759 3340 privata
786 3279 1003 3318 censura.
1035 3260 1112 3318 Et
1140 3280 1258 3318 sane
1285 3255 1525 3341 quidquid
1553 3279 1584 3317 a
1614 3256 1829 3318 romanis
1859 3275 1987 3337 pon-

233 3350 450 3432 titum»,
475 3370 526 3418 et
551 3359 617 3419 ab
635 3360 887 3444 episcopis,
914 3373 1060 3445 atque
1081 3358 1296 3422 conciliis
1323 3361 1374 3421 in
1396 3358 1704 3443 disciplinam
1733 3357 1988 3437 corrigitur

234 3467 380 3539 alque
405 3459 730 3535 interdicitur,
760 3464 984 3546 quamvis
1011 3461 1166 3525 multa
1192 3486 1247 3526 se
1273 3463 1583 3546 antiquitate,
1614 3474 1662 3521 et
1693 3458 1987 3544 populorum

238 3582 328 3619 usu
357 3571 572 3635 maun,
611 3564 777 3624 turbas
803 3577 851 3625 et
879 3564 1138 3627 aeditimi-s
1174 3587 1369 3626 movere
1411 3588 1509 3625 non
1552 3562 1673 3625 solet
1714 3575 1761 3622 et
1806 3557 1987 3642 nequit.
