2534 4296
1840 442 1975 504 ,335

222 562 389 646 ponit.
419 558 691 641 Nunquam
720 577 834 636 ergo
861 553 1121 628 silendum,
1154 577 1408 639 nunquam
1436 552 1774 616 occultandam
1806 560 1983 619 verita-

222 678 325 727 tem
345 659 600 748 prudentia
644 659 787 720 nobis
828 670 999 720 auctor
1029 659 1148 733 erit,
1191 681 1344 743 quum
1386 659 1497 742 quis
1544 671 1778 741 tanquam
1826 658 1982 719 Chri-

222 767 287 829 sti
307 759 579 829 heu-imm
605 760 852 823 venditare
880 762 1050 844 incipit
1076 782 1279 835 errores,
1317 774 1364 822 et
1392 761 1654 823 sententias
1695 760 1844 821 verbo
1882 760 1981 821 Dei

221 865 541 948 iffa-ipro,
569 863 673 925 sive
699 860 801 924 ιιοιι
830 864 1045 947 scripto,
1081 865 1364 925 contrarias.
1414 864 1607 925 Rursus
1642 884 1796 945 quum
1840 862 1981 923 istam

218 957 395 1043 ὼ,
430 966 741 1050 divinamque
784 965 1053 1028 doctrinam
1110 967 1161 1027 in
1220 989 1295 1028 me
1337 965 1534 1051 perdere
1583 966 1843 1049 quisquam
1889 963 1981 1026 ho-

221 1071 312 1136 ὥ
339 1069 533 1133 Christi
562 1070 751 1144 nititur,
798 1091 874 1129 me
911 1066 990 1130 vel
1018 1069 1195 1143 minis,
1240 1067 1316 1129 vel
1364 1068 1538 1143 donis,
1588 1065 1668 1129 vel
1709 1064 1823 1128 aliis
1864 1067 1984 1129 arti-

219 1173 318 1238 Β
353 1172 420 1235 ad
445 1194 553 1234 eam
588 1170 872 1255 ejurandam
915 1168 1239 1254 compellens,
1283 1173 1388 1234 sive
1429 1169 1682 1233 alliciens:
1722 1169 1842 1232 dum
1886 1192 1982 1230 vox

219 1283 274 1340 ιι
302 1275 411 1338 vita
435 1286 717 1358 appetent,
744 1273 1144 1335 committendum
1184 1274 1306 1335 mihi
1349 1298 1451 1336 non
1493 1275 1616 1348 erit,
1662 1285 1717 1335 ut
1744 1271 1984 1334 oonsoesio

219 1378 451 1451 minuis,
478 1378 676 1461 ejusque
702 1374 972 1438 firmissima
1001 1379 1251 1459 persuasio
1281 1376 1402 1439 mihi
1429 1378 1716 1461 eripiantur.
1750 1377 1983 1438 Ceterum

221 1482 275 1544 in
299 1477 412 1543 aliis
435 1480 645 1555 casibus,
667 1481 735 1540 ita
766 1492 989 1563 posoente
1016 1479 1289 1563 prudentia,
1318 1503 1419 1541 non
1448 1481 1540 1541 erit
1570 1478 1812 1540 interdum
1850 1500 1985 1540 erro-

220 1583 358 1648 tilla
378 1606 564 1657 eornm,
593 1583 679 1667 qni
707 1594 823 1644 sunt
849 1594 985 1643 extra
1011 1580 1272 1656 eccloeiam,
1306 1579 1553 1667 (exempli
1582 1582 1739 1663 gratia
1768 1580 1985 1642 ethnico-

150 1677 156 1685 ·
219 1708 333 1748 n-
356 1692 443 1748 aut
468 1684 922 1747 mahumetanorum
949 1684 1316 1768 superstitioni)
1355 1686 1721 1769 apertissimum,
1754 1707 1811 1745 ac
1838 1706 1984 1746 enor-

220 1811 302 1851 ιε
323 1788 634 1851 indicendum
661 1785 859 1849 bellum.
891 1788 1021 1849 Tria
1048 1790 1207 1872 prima
1234 1787 1455 1850 ecclesiae
1480 1785 1687 1861 saecula,
1708 1789 1855 1848 terris
1878 1786 1983 1847 fru-

220 1903 324 1954 stra
348 1903 399 1953 ct
425 1891 595 1952 inferis
619 1902 790 1951 contra
814 1890 1169 1973 pugnantibus,
1213 1888 1491 1973 religionem
1538 1889 1851 1950 christianam
1881 1902 1983 1949 stu-

221 2013 373 2076 μιν
395 1990 792 2075 triumphantem.
822 1987 1201 2052 Crudelissimos
1227 2004 1461 2072 tyrannos
1490 1991 1541 2050 in
1588 1988 1781 2051 Christi
1802 2012 1982 2050 nomen

220 2099 503 2180 mitratos
526 2094 751 2176 fatigavit
775 2105 825 2154 et
844 2093 957 2153 vicit
979 2090 1403 2154 innumerabilium
1426 2092 1797 2154 christianorum
1819 2091 1983 2153 fortis-

222 2188 349 2260 sima
386 2198 637 2282 patientia.
669 2198 903 2258 Attamen
947 2194 1352 2257 dissimulandum
1397 2218 1498 2257 non
1538 2208 1639 2257 est:
1682 2196 1808 2256 inter
1850 2195 2003 2278 ipsos*

212 2313 459 2383 martyres
484 2298 618 2360 fuere
638 2295 883 2373 nonnulli,
914 2321 1041 2382 quos
1069 2300 1122 2359 in
1151 2299 1521 2380 flagrantissimo
1549 2299 1765 2360 veritatis
1792 2310 1841 2358 et
1869 2294 1982 2358 reli-

217 2403 378 2484 gionis
401 2399 512 2463 zelo
539 2400 798 2485 prudentia
811 2399 998 2461 defecit.
1028 2400 1149 2461 Non
1174 2403 1389 2463 contenti
1417 2402 1767 2463 sanctissimam
1787 2396 1982 2480 religio-

217 2526 334 2566 nem
348 2505 593 2567 rationum
622 2503 796 2564 robore
816 2502 1103 2578 defendisse,
1134 2516 1182 2565 et
1194 2506 1583 2588 superstitionem
1602 2503 1845 2565 ethnioem
1862 2501 1981 2564 scri-

216 2609 315 2693 ptis
341 2619 391 2669 et
419 2629 537 2669 voce
564 2606 843 2689 fugiendam
871 2606 1182 2668 denuntiasse
1210 2608 1384 2693 (quod
1413 2609 1629 2669 veritatis
1654 2603 1863 2668 cultores
1905 2626 1979 2665 ne-

216 2734 332 2773 vera
358 2709 595 2795 decebat),
616 2707 867 2791 gentilium
895 2732 1090 2793 quoque
1107 2707 1239 2771 idola
1267 2712 1606 2786 comminuere,
1635 2709 1767 2781 sana,
1794 2720 1844 2770 et
1871 2705 1977 2769 cul-

214 2826 320 2875 tnm
346 2812 606 2896 profanum
623 2809 787 2896 palam
803 2812 1015 2887 irridere,
1033 2814 1261 2897 ipsosque
1277 2813 1494 2875 ethnicos
1516 2814 1822 2895 magistratus
1844 2809 1975 2872 ultro

214 2918 406 2980 irritare
432 2939 533 2978 non
577 2915 876 2977 dubitarunt.
907 2916 1043 2976 Hinc
1069 2929 1238 2977 auctae
1266 2916 1509 2978 interdum
1552 2917 1945 3001 persequutiones
1958 2963 1975 2986 ,

212 3034 263 3083 et
290 3017 555 3102 multorum
583 3017 702 3080 fides
720 3031 807 3079 aut
834 3019 1007 3080 vitain
1025 3017 1279 3081 discrimen
1294 3019 1518 3081 adducta.
1552 3018 1824 3081 Theodosii
1848 3041 1973 3102 quo·

213 3146 310 3208 qne
336 3124 543 3207 junioris
571 3122 869 3206 temporibus
899 3122 1124 3185 immanis
1151 3120 1365 3207 procella
1393 3136 1599 3184 excitata
1642 3135 1715 3184 est
1744 3122 1975 3183 adversus

213 3224 499 3288 christianos
526 3227 579 3285 in
607 3224 826 3287 Perside.
855 3225 943 3285 Ex
974 3226 1077 3287 istis
1104 3224 1296 3287 sublata
1325 3239 1441 3287 suut
1482 3224 1639 3287 millia
1668 3248 1815 3309 quam
1863 3221 1974 3308 plu-

214 3329 355 3404 rim,
381 3329 544 3413 ibique
571 3351 725 3412 paene
753 3328 976 3390 funditus
1003 3330 1161 3397 excisa
1193 3329 1386 3391 Christi
1415 3327 1626 3391 ecclesia.
1660 3330 1767 3390 Tot
1812 3341 1970 3388 autem

214 3428 453 3492 num-ribus
478 3443 527 3492 ct
554 3431 872 3493 incommodis
899 3454 1092 3494 causam
1114 3432 1247 3494 dedit
1277 3434 1421 3494 unius
1449 3430 1610 3516 culpa.
1627 3432 1807 3492 Audax
1838 3453 1971 3489 uem-

218 3554 278 3614 1¹e
305 3553 631 3615 ‘putum-§v
632 3534 675 3593 ir
711 3534 876 3596 ceteris
903 3535 1163 3596 virtutibus
1209 3532 1264 3595 ill
1268 3536 1426 3607 nstris,
1454 3533 1538 3594 sed
1571 3532 1823 3616 prudentia
1871 3553 1968 3590 non

396 3648 527 3689 Lami
524 3647 602 3689 ndi
618 3648 728 3690 Pria
1653 3663 1676 3680 ἰ
1684 3645 1707 3685 '3
