2534 4296
570 368 651 430 08

517 369 800 564 ἒωίἱεωι
839 484 961 547 bane
999 485 1063 548 de
1104 508 1157 549 re
1185 483 1427 560 litu-aria,
1457 484 1595 548 etde
1632 488 1849 561 veritate,
1884 499 1933 548 et
1960 486 2021 549 de
2051 485 2279 569 religione

399 607 401 609 ·
517 583 703 670 alioqui
722 587 932 649 meritis:
953 589 1104 650 immo
1132 610 1232 650 non
1261 590 1399 673 prius
1418 590 1695 673 quempiam
1724 612 1784 651 ex
1816 590 1876 651 iis
1895 602 2113 674 carpant,
2130 603 2280 674 quam

516 688 970 752 sihisatiseonstet
1007 687 1207 752 illorum
1243 691 1936 776 error-‚Anahaequissimis
1972 690 2283 754 hisoehone-

517 789 1264 876 stisquelegibusPheoepouus
1298 793 2022 879 quidquamdiseoeserit‚jam
2063 790 2283 879 potole-

517 894 884 956 ctoressobrios
923 892 1326 979 atquehonestos
1365 895 1799 958 antemedudum
1843 894 2148 959 intellexisse.
2178 895 2282 957 Sed

518 994 599 1057 hic
644 997 727 1056 vix
765 994 847 1057 ille
876 996 1128 1071 serendus,
1162 995 1299 1081 quod
1326 1009 1428 1060 tam
1454 996 1731 1060 universali
1775 1000 2014 1060 sententia
2053 995 2284 1082 perdat

518 1098 783 1180 Augustini
808 1096 1069 1173 saeculum,
1097 1098 1420 1182 quofloruere
1446 1111 1523 1160 tot
1547 1097 1775 1175 illustres,
1797 1101 2285 1184 magniquenom'mis

519 1223 579 1262 ac
604 1202 781 1283 ingenii
816 1204 1085 1286 scriptores.
1118 1198 1286 1263 Multo
1311 1203 1476 1263 minus
1503 1200 1744 1276 ferendus,
1772 1203 1859 1286 qui
1887 1203 2032 1264 nobis
2057 1201 2285 1264 exhihere

519 1303 665 1365 audet
693 1305 1023 1387 Augustinum
1052 1302 1233 1387 logicae
1258 1304 1432 1367 studiis
1448 1303 1768 1389 perfunctorie
1796 1302 2056 1379 excultum,
2083 1303 2287 1390 quando

520 1408 602 1468 vix
632 1404 785 1469 alium
814 1409 940 1468 inter
968 1420 1149 1469 veteres
1176 1407 1419 1471 offendere
1445 1430 1720 1492 possumus,
1750 1409 1836 1492 qui
1877 1408 2081 1470 acutiori
2109 1419 2285 1483 mente,

519 1522 570 1570 et
596 1508 786 1572 meliori
815 1508 1081 1572 dialectices
1109 1533 1218 1586 usn,
1246 1534 1400 1595 quum
1428 1533 1505 1573 res
1532 1511 1777 1596 poscebat,
1807 1512 2056 1573 veritatem
2084 1512 2287 1574 investi·

519 1613 676 1693 garit,
704 1612 998 1688 defenderit,
1027 1626 1077 1675 et
1103 1613 1404 1697 sophismata
1432 1615 1627 1675 caverit.
1660 1614 1795 1676 Nam
1823 1612 1957 1697 quod
1985 1625 2033 1674 et
2061 1612 2197 1697 apud
2224 1611 2287 1675 il-

519 1711 624 1776 lum
653 1713 1005 1799 paralogismus
1032 1715 1326 1801 quandoque
1344 1738 1590 1779 occurrere
1617 1714 1798 1800 aliquis
1823 1717 1994 1800 possit,
2020 1738 2124 1778 non
2138 1718 2287 1799 ·inge⁴-

520 1817 623 1892 nio,
651 1838 754 1878 non
781 1815 1042 1892 voluntati,
1070 1839 1172 1880 non
1200 1815 1384 1899 logioee
1407 1815 1644 1900 neglectui
1672 1817 1983 1879 tribuendum
2012 1815 2067 1880 id
2091 1830 2182 1894 est,
2197 1818 2287 1881 sed

521 1917 777 1981 hominum
803 1919 1073 1982 conditioni
1100 1921 1319 1995 miserae,
1346 1921 1425 1981 cui
1453 1916 1622 1981 nullus
1650 1933 1906 2004 propterea
1933 1917 2167 1983 insultare
2192 1920 2288 1994 ffl

523 2018 708 2083 licitum
737 2033 892 2106 putat,
921 2023 1017 2084 nisi
1045 2023 1131 2107 qui
1159 2045 1213 2084 se
1238 2021 1487 2084 hominem
1514 2044 1616 2084 esse
1646 2020 1792 2083 suerit
1817 2019 2017 2087 oblitus.

611 2123 713 2187 Sed
741 2125 861 2209 quid
873 2172 890 2199 ,
917 2126 962 2187 si
989 2147 1052 2187 ne
1078 2124 1162 2188 hic
1187 2125 1384 2210 quidem
1414 2126 1721 2207 Augustinus
1745 2137 1915 2187 contra
1944 2123 2149 2207 bgbm
2177 2146 2291 2209 peo-

487 2209 498 2225 ⁶
522 2227 642 2288 carit
659 2275 676 2303 ,
698 2228 783 2289 uhi
810 2241 1063 2314 tamquam
1090 2230 1143 2290 in
1174 2241 1457 2313 opportuno
1484 2226 1595 2290 loco
1622 2229 1783 2312 ipsum
1812 2227 1878 2290 ad
1914 2225 2121 2310 logicam
2146 2226 2291 2290 addi-

522 2328 748 2391 scendam
776 2330 1039 2392 amandare
1066 2329 1259 2392 videtur
1277 2327 1638 2414 Phereponus?
1667 2327 1813 2404 Quid
1841 2324 2100 2411 sillogioee
2117 2350 2173 2391 se
2197 2330 2292 2391 mi-

523 2454 618 2494 nus
636 2455 859 2514 gnarum,
887 2456 951 2495 ne
977 2434 1136 2496 dicam
1161 2430 1447 2517 sophistam,
1477 2430 1558 2492 hic
1578 2452 1629 2492 se
1652 2430 1979 2516 Pherepouus
2006 2430 2292 2516 prodiderit,

524 2534 610 2596 ubi
636 2534 884 2620 sophisma
905 2536 1169 2619 Augustini
1195 2528 1289 2598 sihi
1317 2532 1700 2616 redarguendum
1721 2533 1898 2618 putat?
1915 2531 2199 2597 Periculum
2219 2534 2295 2596 fa-

524 2638 722 2700 ciamus.
755 2639 900 2715 Quid
939 2640 1099 2724 ajebat
1125 2639 1358 2700 Donatus
1396 2633 1483 2698 ille
1509 2637 1701 2698 Donati
1739 2637 1982 2718 sectator?
2008 2638 2294 2700 Neminem

525 2741 809 2817 cogendum
843 2764 962 2803 csse
996 2744 1079 2803 ad
1109 2742 1304 2804 bonum
1319 2787 1341 2811 ,
1379 2740 1561 2802 Deum
1600 2740 1810 2801 deaeb‘sse
1850 2740 2053 2800 homini
2075 2738 2295 2801 liberum

526 2843 800 2903 arbitrium
814 2870 842 2911 ‚·
878 2847 1011 2906 idco·
1037 2866 1143 2906 non
1181 2844 1371 2906 debere
1397 2847 1516 2923 cogi
1548 2843 1809 2903 hommem
1849 2863 1945 2903 nec
1970 2842 2068 2902 αδ
2085 2841 2290 2903 boumn.

528 2941 645 3005 Hoc
670 2967 729 3005 ex
759 2943 1023 3028 Augustini
1042 2942 1247 3031 epistola
1274 2968 1431 3031 nuper
1460 2943 1657 3006 laudata
1674 2943 1919 3006 diximus.
1951 2941 2095 3019 Quid
2121 2940 2293 3003 estho-

528 3044 651 3109 licus
677 3047 741 3109 ad
780 3047 900 3110 haec
927 3049 1216 3134 respondere
1244 3048 1448 3111 debuit?
1478 3049 1618 3111 Num
1658 3044 1911 3108 ostendere
1941 3043 2294 3107 donatistarum

529 3150 738 3213 schisma
771 3174 874 3213 esse
915 3149 1123 3225 malum,
1152 3153 1386 3213 unitatem
1428 3149 1539 3211 fidei
1579 3162 1628 3211 et
1652 3145 1878 3210 ecclesiae
1911 3144 2176 3209 catholicae
2204 3147 2295 3209 ho-

528 3275 651 3316 num
692 3253 831 3316 esse?
860 3252 922 3315 ld
964 3252 1149 3316 fecisset
1178 3254 1519 3338 inopportune.
1564 3250 1740 3336 Neque
1766 3251 1894 3312 enim
1932 3250 2159 3335 poscebat
2186 3258 2297 3335 pre&

529 3356 693 3442 shyter
717 3355 990 3432 donatista,
1019 3366 1076 3417 ut
1101 3356 1198 3418 sihi
1241 3354 1664 3427 demonstraretur,
1693 3354 1883 3414 bonum
1910 3375 2029 3415 esse
2055 3352 2257 3415 redire
2241 3374 2294 3414 m

532 3456 795 3524 catholicae
825 3456 1049 3522 eeclesiae
1067 3459 1316 3541 gronium.
1333 3456 1453 3520 Non
1484 3457 1667 3540 ajebat:
1700 3456 1971 3518 Niuu‘nem
1991 3459 2075 3520 ad
2092 3455 2295 3518 malum
