2534 4296
0 3260 13 3293 k.

0 3297 35 3493 ‚l

0 3508 12 3533 P

1936 402 1970 479 4
1979 400 2060 462 63

308 510 431 587 Ιιιιιι,
456 507 817 594 prone-nida
848 506 1065 569 baumes
1091 505 2067 596 etsdxismatggravissimanempema·

306 611 377 691 h,
401 631 612 695 quaerum
643 609 947 675 incommoda
988 610 1124 671 brevi
1155 612 1375 673 oratione
1413 611 1652 696 persequi,
1680 624 1728 672 et
1757 612 1891 674 frena
1919 615 2065 677 simul

303 733 574 799 proponere
599 723 672 774 oet
712 734 853 796 opus.
886 710 1044 789 Quod
1074 713 1246 774 attinet
1286 712 1353 774 ad
1394 706 1687 775 ineruditum
1727 711 1917 775 zelum:
1949 716 2067 778 dici·

301 836 428 889 m,
456 815 653 892 nomine
678 812 769 877 nli
785 804 1045 896 significari
1067 813 1322 876 honestum
1354 813 1478 878 illud
1494 828 1544 878 et
1571 813 1816 879 landabile
1832 816 2063 892 studium,

300 904 735 1003 qno'aoeendimur
753 917 818 979 ad
838 915 1105 979 etileudum·
1124 903 1305 992 Deum,
1325 919 1523 1003 ejusque
1548 939 1714 981 servos
1736 918 2065 991 honorandos,

302 1032 354 1083 et
378 1018 446 1082 ad
472 1016 605 1082 illius
630 1012 799 1102 legem,
828 1034 876 1082 et
916 1043 1080 1082 veram
1118 1018 1398 1102 religionem
1427 1020 1657 1084 tuendam
1697 1034 1845 1107 atque
1886 1044 2067 1106 propa·

301 1122 528 1204 gandaru.
549 1122 650 1185 Sed
665 1124 879 1207 optimus
895 1122 976 1183 bic
996 1122 1252 1212 hominum
1272 1122 1487 1198 affectus,
1504 1136 1770 1185 oeterornm
1791 1123 2063 1199 affectuum,

300 1236 451 1310 atque
486 1226 702 1310 ipsarum
739 1227 973 1287 virtutum
1015 1247 1164 1300 more,
1194 1227 1247 1286 in
1287 1227 1520 1310 pessimos
1561 1248 1782 1289 excessus
1821 1226 2064 1288 interdum

301 1349 551 1391 excurrere
577 1340 749 1412 potest,
778 1340 825 1389 et
854 1329 905 1389 in
936 1325 1220 1389 illaudanda
1250 1327 1478 1390 facinora.
1500 1328 1661 1405 Quod
1684 1341 1795 1390 -tum
1815 1330 2068 1411 contingit,

298 1427 453 1519 qnu‘m
482 1430 704 1492 bominoe
732 1432 818 1515 pio
845 1430 1041 1514 quidem
1071 1428 1177 1493 zelo
1220 1430 1457 1507 ardentes,
1486 1430 1573 1492 sed
1611 1432 1810 1493 scientia
1838 1423 2068 1505 destituti,

261 1528 271 1537 ⁸
299 1530 355 1594 id
375 1543 633 1616 peragunt,
662 1531 799 1615 quod
829 1532 922 1616 ipsi
950 1531 1145 1593 divinae
1172 1529 1282 1611 legi,
1312 1544 1361 1592 et
1396 1529 1737 1594 ecclesiastiae
1764 1530 2065 1616 disciplinae,

298 1647 350 1696 et
375 1634 675 1697 dommentis
691 1649 848 1697 rectae
864 1635 1083 1709 rationis,
1102 1647 1150 1696 et
1170 1634 1470 1730 prudentiae,
1492 1648 1539 1698 et
1558 1637 1746 1697 caritati
1767 1635 2066 1697 adversatur.

302 1738 663 1801 Testimonium
685 1737 965 1823 perhibente
981 1735 1148 1799 Paulo
1174 1737 1241 1799 ad
1264 1739 1419 1804 Rom.
1444 1739 1524 1798 X.
1555 1739 1759 1799 Judaei
1770 1739 1941 1800 zelum
1957 1739 2073 1799 Dei

228 1872 231 1875 ·
301 1842 586 1915 habebant,
613 1841 699 1903 sed
716 1838 801 1901 ille
820 1840 968 1902 zelus
980 1862 1082 1901 nou
1103 1842 1384 1902 secundum
1403 1846 1672 1902 scientiam
1685 1854 1803 1901 erat.
1827 1842 2068 1902 Tueban-
2127 1844 2133 1848 ’

302 1955 387 2004 tur
411 1942 656 2007 mrdims
694 1944 956 2004 mosaioem
992 1940 1160 2023 legem,
1188 1955 1336 2026 atque
1376 1944 1428 2003 in
1460 1944 1614 2026 ipsius
1652 1944 1830 2004 ritibus
1857 1940 2069 2005 colloca·

304 2045 426 2106 bant
465 2046 765 2129 potissimam
802 2042 975 2107 salutis
1013 2067 1166 2129 spem,
1198 2056 1248 2106 et
1290 2046 1556 2106 maximum
1593 2031 1826 2107 bominis⁴
1847 2069 2066 2129 pensum.

301 2148 465 2231 Atqui
493 2144 651 2208 melum
679 2148 779 2209 Dei
801 2129 1064 2227 babebant,
1082 2169 1195 2207 non
1225 2146 1472 2209 babebant
1488 2146 1736 2210 scientiam
1764 2149 1898 2220 Dei3
1920 2171 2071 2232 quare

299 2250 400 2312 Dei
422 2247 659 2321 bonorem
684 2250 850 2333 potius
866 2250 1231 2332 oppugnabant,
1259 2251 1457 2334 ejusque
1474 2248 1625 2331 legem
1642 2251 2067 2335 persequebantur.

298 2351 475 2436 Neque
501 2349 645 2414 aliter
670 2375 724 2413 se
750 2349 871 2417 olim
898 2365 1107 2433 gesserat
1143 2354 1247 2436 ipse
1289 2349 1507 2426 Paulus,
1536 2375 1690 2436 quum
1722 2365 2070 2430 palemarum

294 2454 611 2525 aemulator,
634 2456 737 2516 sive
760 2455 968 2516 zelator
991 2454 1334 2516 traditionum
1354 2478 1521 2533 supra
1539 2455 1730 2517 mullos
1758 2445 2069 2518 coaetaneos

299 2580 451 2627 suos,
477 2557 759 2619 devastabat
784 2555 1030 2637 ecclesiam
1046 2557 1259 2619 Christi.
1282 2557 1478 2619 Eodem
1509 2558 1799 2641 imprudenti
1829 2557 1938 2620 zelo
1952 2561 2070 2621 seri-

301 2660 392 2721 bas
416 2674 467 2722 et
493 2659 774 2744 pharisaeos
801 2660 1089 2734 abundasse,
1114 2683 1472 2744 nonnunquam
1491 2663 1650 2723 etiam.
1669 2660 1933 2746 discipulos
1955 2660 2070 2723 Sal·

264 2818 279 2833 ,
301 2765 483 2825 vatoris
522 2761 783 2838 laborasse,
826 2786 886 2824 ex
916 2761 1166 2845 evangelio
1209 2763 1450 2825 discimus.
1482 2765 1619 2826 Hinc
1659 2766 1968 2850 Augustinus
2008 2765 2068 2826 de

167 2941 170 2946 Ι
296 2867 429 2927 tivit.
458 2867 575 2941 Dei,
604 2864 691 2940 lib.
722 2861 880 2939 XX,
897 2888 1003 2952 cap.
1046 2890 1066 2927 1
1084 2889 1138 2941 2,
1169 2879 1270 2931 tam
1298 2864 1538 2927 laudabili
1567 2890 1716 2951 quam
1739 2888 1895 2952 pravo
1923 2892 2068 2930 sensu

296 2967 458 3030 ndum
486 2970 634 3054 accipi
662 2970 733 3030 ait
762 2971 811 3029 in
842 2969 1023 3031 divinis
1049 2970 1314 3053 scripturis.
1346 2970 1499 3032 Sicut
1522 2977 1681 3041 enim,
1710 2972 1888 3055 inquit,
1918 2973 2067 3033 zelus

297 3077 353 3134 ιἰι
379 3074 516 3135 Bono
533 3078 742 3152 positas
767 3082 869 3143 est,
898 3074 989 3134 ubi
1013 3074 1201 3152 legitur
1214 3099 1233 3133 .·
1264 3073 1433 3135 Zelus
1474 3075 1663 3140 domus
1700 3086 1836 3136 tuae.
1849 3077 2071 3136 comedit

295 3198 416 3244 mu
439 3182 520 3237 ila
557 3200 590 3238 e
617 3182 882 3238 contr-ano
926 3182 981 3237 in
1012 3177 1176 3246 malo,
1218 3178 1310 3237 uba·
1333 3178 1558 3238 dt‘citur:
1589 3178 1760 3239 Zelus
1800 3184 2072 3256 occupavit

291 3276 494 3354 plebm
519 3281 847 3340 ineruditam.
886 3275 1025 3339 Illud
1054 3279 1216 3359 igitur,
1239 3278 1374 3361 quod
1395 3276 1519 3339 solet
1547 3301 1603 3339 ac
1635 3257 1794 3361 potest
1824 3278 2066 3338 destruere

298 3372 681 3453 honestissimam
709 3378 926 3442 indolem
953 3378 1062 3455 meli,
1094 3382 1368 3462 ignorantia
1396 3395 1484 3455 oet,
1507 3382 1798 3464 insipientia,
1821 3403 1877 3440 ac
1902 3381 2064 3438 inern-

299 3480 448 3541 ditio:
469 3502 596 3563 qnae
621 3480 754 3543 mala
779 3506 931 3565 quum
959 3484 1011 3543 in
1044 3481 1185 3566 plebe
1212 3484 1428 3544 crebrius
1452 3481 1734 3555 inolescant,
1767 3479 1904 3542 facile
1920 3482 2065 3540 etiam

482 3595 691 3638 Lamindi
709 3595 911 3638 priumie:
1775 3591 1797 3601 ”
2008 3578 2019 3592 ·
