2534 4296
205 555 315 616 tino
336 549 441 617 aab
465 547 741 634 pestimnt.
777 547 978 609 Primus
1005 548 1135 609 inter
1162 548 1296 631 ipsos
1306 546 1643 630 Hieronymus
1669 559 1813 611 tenet.
1842 551 1976 613 Sunt

205 668 254 718 ει
275 654 532 738 ae'qnoees
556 652 643 734 qni
670 650 765 712 sibi
803 661 1073 735 temperare
1099 651 1351 725 nesciunt,
1389 650 1511 734 quin
1546 648 1784 712 adversus
1826 652 1976 714 eccle-

203 758 311 822 ἡ
328 752 492 817 butes
517 751 751 838 quicquid
778 750 844 814 ad
875 774 1076 817 manum
1106 752 1255 827 venit,
1286 754 1613 836 intorqueant.
1647 751 1979 815 Contumeliis

204 853 357 923 fi
380 867 602 941 pareunt,
630 862 840 939 quarum
872 855 1019 916 etiam
1060 877 1165 916 non
1205 876 1390 939 paucae
1415 854 1633 917 veritatis
1661 852 1981 917 fundamento

201 971 382 1023 emt.
430 955 579 1020 Mille
620 958 972 1042 vituperiorum
1011 955 1232 1042 plaustra
1277 958 1330 1019 in
1374 958 1507 1042 ipsos
1546 968 1851 1038 congerunt3
1877 978 1982 1018 uno

202 1061 372 1137 verbo,
396 1058 526 1123 nibil
553 1083 655 1123 non
678 1072 893 1135 movent,
922 1082 1024 1144 quo
1049 1082 1353 1122 communem
1393 1072 1704 1146 pmsternant
1732 1057 1982 1141 religionis

199 1186 345 1228 §une
369 1164 717 1227 adversarium.
764 1162 925 1240 Quod
952 1176 1024 1225 est
1050 1162 1117 1224 ad
1146 1161 1416 1226 nonnullos
1454 1186 1483 1226 e
1519 1164 1702 1225 sanctis
1744 1162 1983 1246 patribus,

202 1290 306 1332 non
335 1269 397 1330 iis
423 1270 548 1331 vitio
577 1268 810 1329 vertimus
838 1266 972 1351 quod
1001 1266 1195 1327 acribus
1224 1266 1469 1329 interdum
1499 1288 1594 1351 pro
1622 1267 1826 1328 veritate
1863 1268 1983 1327 scri-

202 1372 303 1458 ptis
329 1372 666 1457 pugnaverint.
701 1369 1043 1431 Christianum
1072 1367 1231 1431 zelum
1271 1392 1333 1430 ne
1362 1367 1445 1430 bic
1474 1367 1672 1453 quidem
1710 1365 1869 1451 stylus
1898 1369 1984 1430 de-

204 1474 373 1547 denen
396 1473 492 1536 bos
520 1475 655 1556 ignes
683 1474 789 1557 ipsa
817 1473 948 1533 bona
976 1494 1137 1547 causa,
1167 1494 1227 1533 ac
1253 1471 1469 1533 defensio
1497 1474 1718 1554 cognitae
1747 1473 1983 1546 veritatis,

206 1575 339 1640 ultro
361 1578 590 1659 suggerit,
633 1598 734 1637 non
767 1572 907 1635 facile
935 1597 1052 1635 sane
1100 1573 1388 1657 culpandos,
1427 1575 1523 1636 nisi
1554 1597 1707 1659 quum
1737 1574 1804 1635 ad
1846 1572 1984 1635 calu-

205 1681 366 1743 mnias
391 1680 631 1742 concitata
649 1678 808 1739 oratio
821 1674 1071 1738 dilabitur.
1090 1677 1198 1738 Sibi
1219 1700 1334 1759 ergo
1362 1678 1618 1762 imputent,
1646 1678 1691 1739 si
1719 1690 1820 1738 tam
1843 1700 1984 1761 aspe-

207 1769 599 1868 mancipantur,
630 1782 919 1867 quicumque
948 1804 979 1842 a
1008 1793 1138 1841 recta
1171 1779 1362 1841 Christi
1394 1779 1614 1841 doctrina
1645 1779 1873 1842 defecisse
1893 1782 1989 1841 mi·

207 1885 341 1948 nime
364 1886 595 1958 contenti,
623 1885 811 1968 positos
840 1905 1036 1967 quoque
1064 1906 1095 1943 a
1127 1884 1242 1943 Deo
1270 1882 1468 1965 judices,
1497 1881 1593 1942 boc
1621 1894 1710 1957 est,
1739 1880 1986 1943 ecclesiam

210 1990 384 2073 ipsam,
412 2009 515 2049 non
541 2008 766 2070 spernere
792 1983 969 2059 solum,
998 1984 1082 2046 sed
1112 1986 1261 2046 etiam
1303 1982 1542 2046 dilaniare
1572 1997 1718 2068 atque
1750 1984 1989 2045 infamare

211 2090 410 2151 minime
430 2101 668 2151 verentur.
700 2087 932 2148 Habeant
963 2085 1035 2148 illi
1054 2099 1102 2148 et
1121 2086 1246 2148 hanc
1263 2110 1380 2148 suae
1399 2088 1731 2148 contumaciae
1759 2109 1987 2170 poenam,

209 2206 259 2255 et
283 2190 499 2277 populus
524 2190 717 2253 eosdem
745 2191 1019 2251 abominari
1047 2202 1196 2274 atque
1223 2189 1487 2251 abhorrere
1514 2211 1575 2251 eo
1603 2186 1795 2250 facilius
1814 2188 1986 2264 discat,

209 2316 314 2379 ipo
338 2290 569 2355 libentius
596 2292 752 2354 fertur
777 2290 844 2352 ad
871 2288 1123 2373 legendam
1152 2292 1205 2351 in
1235 2292 1466 2375 piperatis
1487 2290 1901 2374 disputationibus
1930 2288 1996 2351 il-

211 2392 372 2457 loeum
408 2393 786 2455 damnationem.
818 2394 1079 2467 Attamen,
1119 2393 1163 2453 si
1191 2393 1336 2454 nobis
1364 2394 1503 2476 optio
1530 2391 1700 2468 detur,
1730 2389 1992 2475 placidam,

211 2519 361 2582 quam
387 2492 673 2558 iracundam
691 2498 745 2557 in
766 2493 1035 2557 refellendo
1061 2518 1223 2557 errore
1251 2495 1531 2557 facundiam
1558 2495 1695 2579 sequi
1717 2491 1994 2556 mallemus.

211 2597 412 2663 Placuit
439 2599 559 2661 baec
584 2597 697 2660 aliis
715 2600 937 2683 patribus
963 2611 1014 2660 et
1043 2600 1327 2680 Augustino
1356 2599 1678 2682 praesertim,
1723 2597 1811 2681 qui
1841 2620 1996 2713 quum

213 2700 327 2765 aliis
349 2702 633 2764 nominibus
658 2703 870 2764 maxime
897 2704 962 2763 sit
987 2701 1417 2776 commendandus,
1466 2701 1605 2764 hoc
1589 2720 1699 2786 ipso
1741 2702 1795 2762 in
1826 2700 1999 2784 primis

212 2804 348 2924 apud
373 2817 594 2889 posteros
619 2803 932 2923 spectabilem
960 2828 1013 2867 se
1041 2805 1168 2881 fecit,
1210 2805 1346 2890 quod
1376 2804 1608 2868 certando
1637 2827 1748 2866 cum
1790 2803 2000 2864 haereti-

212 2908 286 2971 ἀ
312 2905 391 2970 vel
404 2910 772 2993 procacissimis,
798 2931 1054 2992 nunquam
1084 2908 1507 2970 mansuetudinem
1535 2931 1694 2980 suam,
1717 2920 1864 2992 atque
1892 2929 2002 2967 ver-

214 3011 388 3074 borum
429 3008 694 3087 lenitatem,
739 3013 965 3097 quamvis
1005 3009 1254 3074 lacessitus
1295 3009 1594 3086 maledictis,
1637 3011 1877 3094 abjecerit.
1925 3012 2003 3070 Et

213 3126 339 3177 oerte
363 3115 448 3177 vix
476 3127 550 3178 est
578 3128 633 3177 ut
659 3114 908 3177 bominem
938 3113 1123 3177 animal
1150 3116 1375 3177 omnium
1386 3115 1857 3188 ambitiosissimum,
1880 3135 1999 3173 con-

218 3217 354 3280 vuf-
377 3220 678 3280 etracoerima
709 3218 1080 3303 reprehensione
1117 3218 1179 3280 de
1207 3219 1454 3280 sententia
1475 3229 1623 3302 atque
1653 3239 1816 3279 errore
1846 3215 2001 3276 dedu-

221 3336 318 3382 m
347 3320 722 3384 Hordacissima
750 3323 973 3385 oratione
1024 3336 1336 3407 exasperatus
1381 3320 1466 3384 ille
1508 3321 1773 3382 vindictam
1819 3320 2000 3403 potius,

226 3443 375 3503 qm·
399 3424 782 3486 enudationem
802 3426 1050 3507 cogitabit.
1084 3427 1279 3488 Contra
1297 3426 1461 3507 gravis
1482 3422 1727 3507 simulque
1739 3422 2006 3483 mitis-con-

228 3521 428 3597 futatio,
457 3526 675 3588 animum
703 3527 967 3589 adversarii
998 3528 1064 3588 ab
1090 3526 1411 3590 auscultanda
1444 3528 1643 3587 veritate
1697 3542 2006 3607 nequaquam
