2534 4296
244 544 328 610 ille
354 540 647 616 huldin,
666 539 804 625 qnod
822 562 1027 602 cenmra
1043 563 1135 603 sna
1156 553 1349 602 mutam
1380 539 1526 602 saciat
1555 539 1792 625 reliquam
1811 559 2015 625 genum,

206 660 293 732 ,ct
314 643 487 710 Q
503 666 598 706 sno
619 655 808 705 ceteros
833 665 867 704 a
895 639 1063 704 labore
1091 643 1316 726 exquisiti
1338 643 1576 706 examinis
1597 640 1783 705 liberet.
1805 646 2017 729 Ineptis-

238 753 389 815 ’ω
412 758 607 808 tantum
634 742 807 820 libros,
836 756 886 806 et
916 745 1099 808 nemini
1129 742 1320 806 offioere
1350 743 1582 819 valentes,
1612 746 1757 806 anxie
1787 747 1839 806 in
1873 751 2015 808 truti-

237 846 615 932 -uqiemh'e
640 855 692 908 et
712 842 930 907 ‘refutare
960 842 1101 919 velle,
1130 857 1204 907 est
1232 845 1449 907 bominis
1476 868 1586 907 cum
1618 846 1783 930 inepto
1813 847 2015 930 ineptire

0 967 7 1013 1·
138 1012 146 1020 ,
235 945 2015 1034 ηἰωΰιῦεῑαπωςυίεῑὴωείὴίυεςοῶωωιιφοωίῑωώ

236 1053 508 1116 bitatione
533 1048 768 1114 similium
803 1063 964 1112 arcoet
1000 1046 1126 1112 alios
1168 1047 1322 1112 literis
1362 1074 1565 1136 operam
1591 1050 1782 1125 dantes,
1823 1074 1930 1114 non
1960 1066 2015 1113 nt

233 1177 330 1218 sno
353 1153 587 1217 adrasus
613 1166 859 1215 nidorem
887 1152 1007 1214 odio
1034 1152 1357 1236 obtemperet,
1388 1156 1439 1215 iu
1470 1153 1783 1238 prudentiam
1813 1153 2018 1217 fortasse

235 1257 468 1343 pmbir,
495 1278 807 1341 nequaquam
836 1278 955 1317 vero
985 1256 1038 1317 in
1067 1257 1320 1339 justitiam.

238 1399 248 1407 ·
325 1359 683 1421 Tractantibus
710 1371 874 1420 autem
902 1371 952 1419 et
969 1357 1270 1443 hujusmodi,
1293 1381 1592 1445 quamquam
1623 1358 1868 1421 interdum
1897 1357 2020 1421 levis

235 1461 488 1536 uenti,
514 1461 836 1546 quaestiones,
859 1458 1146 1522 inmlcauda
1174 1473 1248 1523 est
1274 1462 1448 1523 iterum
1469 1460 1819 1523 moderationis
1846 1474 1895 1523 et
1923 1461 2020 1522 hu·

234 1563 484 1627 manans
509 1564 708 1625 mentio.
750 1561 977 1640 Quando
1004 1561 1147 1625 aliter
1174 1562 1279 1624 fieri
1308 1586 1410 1625 non
1440 1576 1619 1648 potest,
1651 1563 1717 1625 ad
1743 1565 1903 1626 ravim
1936 1587 2020 1626 us-

233 1689 332 1753 qne
367 1666 689 1730 contendatur
717 1690 809 1751 pro
837 1689 1144 1752 quacumque
1177 1668 1395 1743 veritate,
1425 1669 1478 1729 in
1509 1691 1860 1753 quemcumque
1887 1691 2022 1731 erro-

236 1791 360 1845 rem,
386 1792 447 1832 ac
473 1768 661 1831 malum
691 1768 890 1831 librum.
923 1770 1026 1832 Sed
1070 1793 1173 1831 non
1202 1767 1474 1832 lacerentur
1518 1772 1571 1831 in
1611 1773 1875 1845 contraria,
1905 1769 2021 1832 licet

237 1871 726 1946 abendasententia
758 1874 921 1956 positi.
942 1872 1117 1933 Nimia
1145 1871 1393 1933 dicacitate
1416 1896 1517 1934 non
1538 1885 1894 1955 corrumpatur,
1918 1896 2018 1934 non

239 1973 501 2035 infametur
529 1974 662 2036 bona
690 1996 851 2035 musa.
887 1974 1185 2036 Rationibus
1213 1986 1420 2048 tautum,
1452 1997 1555 2035 non
1584 1976 1813 2036 conviciis
1839 1987 1889 2036 et
1917 1998 2021 2036 ma·

238 2072 442 2151 ledittis,
469 2090 659 2139 servata
693 2089 767 2138 cst
796 2074 977 2159 palma.
1007 2077 1270 2137 Praeterea
1298 2075 1436 2160 quid,
1461 2077 1655 2150 amabo,
1678 2076 1880 2139 ferventi
1908 2100 2021 2138 cen·

240 2162 386 2241 serae
413 2191 543 2254 tuae,
586 2191 674 2250 aut
713 2177 984 2263 apologiae,
1028 2182 1168 2263 cnjus
1194 2192 1532 2260 argumentum
1558 2191 1634 2241 est
1659 2202 1800 2242 error
1828 2176 2021 2241 intelle-

235 2293 361 2354 dm,
397 2303 557 2343 mores
584 2304 782 2365 quoque
809 2295 859 2343 et
887 2304 1146 2365 personam
1173 2280 1440 2344 adversarii
1468 2281 1746 2344 interseris?
1783 2280 2022 2362 Indigna-

236 2392 321 2446 tnr
348 2385 542 2458 verim
570 2407 623 2445 se
653 2382 836 2446 talibus
864 2386 1015 2446 armis
1042 2384 1254 2458 defendi,
1285 2408 1438 2469 quum
1468 2383 1589 2447 haec
1617 2382 1756 2446 illam
1785 2383 1913 2447 nihil
1943 2408 2021 2446 re·

236 2507 355 2549 nera
381 2486 660 2562 defeudant,
700 2500 749 2549 et
780 2489 834 2549 in
862 2490 1009 2550 unius
1038 2489 1219 2550 utentis
1259 2489 1496 2572 probrum
1534 2500 1902 2551 convertantur.
1949 2492 2023 2550 Et

237 2601 404 2652 taum
428 2592 615 2652 censori
647 2613 757 2665 suo,
781 2614 927 2675 quem
947 2604 1126 2665 natura
1146 2589 1479 2668 monoculum,
1499 2591 1774 2674 gibbosum,
1794 2589 2023 2654 claudum

236 2691 367 2768 fodr,
384 2707 471 2756 ant
498 2695 682 2776 ingenti
709 2717 835 2756 naso
862 2696 1087 2769 armavit,
1117 2696 1320 2779 quinam
1349 2707 1488 2757 tanta
1515 2696 1668 2758 animi
1689 2694 2023 2757 moderatione

235 2792 363 2859 olim
402 2796 776 2881 respondebant,
809 2809 863 2858 ut
903 2795 1024 2859 haec
1066 2794 1201 2858 illins
1229 2798 1351 2858 vitia
1390 2820 1492 2859 non
1517 2809 1849 2860 memorarent
1876 2810 2024 2880 atque

236 2898 491 2962 rideat?
520 2900 749 2976 Quinam
792 2901 865 2961 ita
899 2901 994 2961 sibi
1022 2901 1262 2983 imperare
1290 2913 1534 2985 poterant,
1564 2913 1621 2963 nt
1646 2900 1915 2963 adversarii
1942 2898 2023 2960 lu-

238 3003 448 3078 xuriam,
475 3003 811 3078 ambitionem,
840 3015 1062 3087 artesque
1090 3025 1271 3088 pravas
1300 3005 1353 3064 in
1379 3001 1644 3066 literariam
1672 3027 1892 3088 pugnam
1919 3026 2022 3064 non

236 3103 507 3180 ’abluti
542 3107 739 3167 Inventi
769 3118 911 3177 sunt3
951 3129 1128 3190 parum
1154 3105 1259 3167 dixi
1271 3131 1291 3179 3
1318 3108 1649 3182 inveniuntur,
1694 3108 1783 3191 qui
1812 3129 2024 3191 pauper-

241 3218 392 3270 um
420 3220 472 3270 et
489 3206 759 3290 ignobilem
776 3209 1013 3290 originem
1034 3210 1224 3271 censori
1243 3231 1445 3295 surarum
1465 3210 1757 3294 opinionum
1778 3210 2024 3292 objiciant,

237 3310 385 3391 quad
413 3310 469 3372 in
494 3311 636 3372 istius
663 3334 749 3372 ore
777 3313 954 3373 veritas
986 3334 1183 3396 quoque
1211 3325 1260 3373 et
1281 3325 1566 3394 argumenta
1596 3313 1831 3386 veritatis,
1851 3311 2026 3371 obscu-

248 3431 359 3472 m
395 3423 448 3473 ct
472 3413 699 3475 miseram
726 3413 930 3476 (licentis
973 3414 1320 3490 conditionem,
1365 3417 1565 3498 ejusque
1593 3416 1840 3476 sinistram
1872 3412 2027 3472 sortu-

248 3532 364 3572 mln
386 3513 716 3575 miribel-int.
747 3515 982 3577 Statnnnt
1010 3514 1095 3578 alii
1128 3519 1368 3600 potiorem
1385 3541 1503 3579 suae
1531 3516 1825 3578 defensionis
1848 3516 1944 3574 vim
1976 3514 2027 3573 in
